4894 5672
215 293 286 380 th
563 307 605 380 u
648 288 878 376 muscum
904 286 1562 381 uotamsrourseuousrtntn
1602 311 1646 383 a
1689 309 1883 382 sumna.
2163 316 2232 385 aaa

217 485 333 564 minat
350 495 574 562 Ἰιιιιιὶοᾶοιοιο
604 507 639 561 et
666 497 765 584 impie
798 499 935 584 scripta
955 495 998 564 de
1032 507 1199 584 potestate
1251 499 1295 564 de
1316 518 1414 580 vera,
1437 499 1506 565 hcc
1528 513 1598 579 est,
1621 499 1782 588 spirituaii
1804 502 1929 568 mirate
1950 499 2132 590 loquimur,
2154 505 2230 572 sine

216 574 335 648 licura.
370 580 555 659 Pontificio,
577 592 719 668 propter
741 603 828 672 qnae
844 602 943 650 nemo
962 603 1199 670 vnquamreus
1233 589 1316 672 'qua
1338 603 1406 651 non
1428 597 1542 672 potest
1563 587 1709 653 existere
1730 587 1816 652 fides
1835 590 1868 654 in
1887 590 2002 678 eorde,
2025 610 2085 656 seu
2098 591 2231 660 iusticia

216 660 330 734 iactus
353 679 416 732 est.
466 666 538 732 ttos
561 664 627 732 soii
649 665 840 755 plectimur,
867 671 946 819 quia
966 670 1199 757 praedicamus
1251 671 1362 736 cordis
1377 691 1496 754 ,coram
1512 671 1598 739 Deo.
1634 675 1686 738 Ad
1709 672 1798 739 hanc
1820 675 1959 740 dicimus
1980 695 2048 740 non
2071 697 2149 742 esse
2170 697 2228 740 ne·

216 752 416 834 beneficium
437 751 581 834 Chr-isti,
612 753 797 840 qnod'iide
822 757 857 820 in
900 754 1049 822 tbristum
1078 775 1199 822 conse·
1250 757 1433 824 cessariam
1462 756 1705 824 similitudinem
1736 761 1857 825 rituum
1888 757 2123 840 bumanorum,
2156 764 2231 827 siue

215 857 359 926 qoamur
380 840 612 907 remissionem
632 849 860 924 peccatorum,
883 861 951 906 non
974 839 1120 907 cultibus
1142 840 1200 908 ex'·
1248 842 1499 922 uniuersalium,
1521 845 1595 909 sine
1612 843 1874 930 particularium,
1897 847 1973 930 quia
1991 847 2122 913 iusticia
2139 845 2229 928 fidei,

181 1008 184 1020 ι
217 925 374 1011 cogitatis
397 947 417 990 a
441 923 614 991 l‘ontiiice.
660 924 767 990 Porro
791 925 965 1006 Christus,
997 925 1063 993 Pro
1087 925 1199 1009 hetae,
1248 947 1317 994 nou
1340 938 1394 994 est
1414 929 1546 996 iusticia
1568 926 1625 994 alii
1652 942 1707 995 ata
1730 935 1831 996 certis
1863 933 2113 1013 traditionibus,
2142 935 2230 999 sicut

215 1009 430 1098 atApostoit,
452 1007 509 1076 ico
576 1009 672 1116 aliter
688 1011 849 1078 deliniunt
861 1011 1048 1079 Ecclesiam
1060 951 1197 1093 Ebristi,
1248 1014 1382 1080 iusticia
1404 1011 1489 1118 legis
1508 951 1730 1102 eratallgata
1744 1017 1903 1120 Moesicis
1916 1019 2129 1104 ceremonijs,
2150 1019 2230 1107 quia

216 1115 498 1263 illiriiilll.
519 1095 1199 1270 illitit.i.t⁰uttt..tt¹.¹’tttittt
1247 1097 1615 1254 litteittttitt
1638 1101 2133 1256 iti.1¹tt.ittitt¹¹t.t.⁰itt
2161 1104 2230 1256 ii

216 1271 309 1356 quod
336 1260 493 1335 videlicet
519 1269 587 1334 sint
616 1267 792 1334 columnae
818 1270 985 1346 veritatis,
1016 1273 1107 1358 quod
1129 1292 1198 1338 non
1249 1269 1411 1349 ditiones,
1438 1272 1511 1337 siue
1538 1270 1767 1353 uniuersales,
1795 1277 1868 1339 sine
1896 1275 2136 1360 particulares,
2166 1295 2230 1340 nec

218 1364 342 1422 errent.
395 1353 525 1426 Quotus
554 1355 698 1440 quisque
725 1356 937 1426 euinceret
965 1354 1206 1444 Euangelium,
1248 1369 1326 1421 sunt
1348 1354 1487 1422 ed'ectus
1509 1360 1648 1444 spiritus
1671 1362 1791 1437 sancti,
1813 1361 1901 1424 sicut
1922 1363 2075 1438 castitas,
2097 1362 2232 1446 pacien-

79 1511 90 1522 ,
217 1439 422 1508 autiudicat
444 1439 580 1526 dignum
602 1459 681 1505 esse
702 1438 868 1507 lectione?
900 1440 996 1507 blulti
1018 1443 1118 1508 etiam
1139 1457 1198 1529 pa·
1249 1443 1305 1522 tia,
1327 1444 1426 1509 timor
1436 1441 1513 1522 Dei,
1536 1443 1671 1510 dilectio
1682 1446 1838 1530 proximi,
1857 1457 1891 1510 et
1910 1464 2013 1532 opera
2027 1445 2230 1513 dilectionis.

220 1524 289 1592 iem
309 1526 447 1592 irrident
469 1523 649 1613 religiones
672 1545 800 1604 omues,
822 1539 880 1593 aut
897 1529 927 1592 si
944 1528 1023 1614 quid
1040 1531 1197 1614 probant,
1336 1527 1408 1593 Nec
1428 1527 1523 1595 lenes
1548 1547 1673 1596 cauma
1695 1527 1841 1606 inerunt,
1864 1551 1924 1596 cnr
1945 1532 2035 1597 hunc
2052 1531 2232 1600 articulum

242 1615 362 1677 rabant
383 1611 442 1676 iiia
487 1631 550 1676 uae
567 1613 1198 1694 humanaerationiconseuteneasunt,
1246 1613 1459 1700 poneremus.
1493 1613 1634 1682 Constat
1656 1618 1743 1682 enim
1765 1614 1889 1704 multas
1912 1615 2033 1682 stultas
2056 1639 2076 1684 o
2101 1619 2232 1683 iniones

217 1630 470 1769 Euctemftabc
486 1717 549 1764 osa
574 1715 654 1762 esse
683 1699 903 1778 arbitrantur,
934 1711 968 1764 et
988 1697 1108 1765 similia
1131 1711 1197 1765 tre-
1247 1701 1290 1766 de
1311 1701 1544 1768 molitionibus
1574 1703 1743 1788 serpsisse
1771 1701 1804 1767 in
1828 1699 2026 1769 Ecclesiam.
2104 1701 2232 1770 annulli

220 1780 556 1872 gcedijsi'oeturum.
589 1781 703 1855 Quare
724 1803 787 1848 nos
809 1785 902 1849 iuxta
919 1784 1104 1870 scripturas
1122 1803 1197 1851 sen·
1246 1795 1447 1871 putauerunt
1467 1783 1863 1866 humanastraditiones,
1885 1791 2099 1854 necessarios
2122 1786 2231 1856 cuitus

217 1871 318 1936 timus
331 1866 517 1934 Ecclesiam
529 1870 665 1954 proprie
676 1870 796 1936 tiictem
809 1887 886 1935 esse
901 1872 1196 1960 congregationem
1246 1891 1325 1937 esse
1357 1872 1400 1936 ad
1432 1873 1687 1956 promerendam
1713 1873 1992 1940 iustificationem.
2042 1873 2085 1940 Et
2113 1888 2233 1962 postea

220 1963 426 2032 unctorum,
448 1956 504 2038 qui
523 1973 608 2036 vere
621 1956 770 2019 -credunt
793 1951 975 2042 Euangelio
999 1954 1140 2034 Christi,
1162 1967 1196 2022 et
1246 1957 1520 2042 disputauerunt,
1548 1954 1603 2043 qui
1625 1955 1738 2039 fieret,
1760 1959 1851 2046 quod
1874 1971 1968 2026 tanta
1990 1963 2152 2026 varietate
2174 1983 2233 2028 co·

219 2041 345 2108 babent
367 2038 518 2124 spiritum
540 2051 703 2105 sanctum.
735 2039 779 2105 Et
797 2041 1061 2108 tomeniatemur
1070 2040 1196 2109 multos
1245 2041 1371 2109 leretur
1392 2041 1497 2127 Deus,
1520 2041 1616 2130 quasi
1638 2065 1720 2109 vero
1744 2047 1999 2111 obseruationes
2022 2043 2101 2112 illae
2119 2056 2234 2113 essent

216 2125 414 2214 hypocritas
436 2137 468 2190 et
490 2122 597 2190 malos
620 2125 729 2190 bisin
751 2124 816 2191 irae
838 2127 905 2196 uite
925 2127 1109 2209 admixtos,
1138 2128 1195 2194 ha-
1246 2126 1375 2208 coitus,
1403 2139 1436 2194 et
1458 2149 1525 2194 nou
1574 2129 1660 2195 otius
1684 2143 1842 2196 externae
1863 2142 1898 2195 et
1923 2129 2080 2216 politicae
2101 2133 2234 2198 ordina·
2290 2141 2295 2146 '

219 2213 302 2279 bere
336 2212 532 2304 societatem
565 2220 778 2278 externorum
809 2215 999 2298 signorum,
1033 2214 1089 2299 qni
1119 2220 1197 2280 sunt
1246 2215 1373 2294 dones,
1403 2211 1485 2280 niitil
1518 2235 1538 2278 a
1589 2215 1753 2283 iusticiam
1781 2216 1895 2282 cordis
1924 2237 1986 2282 seu
2015 2215 2138 2284 cultum
2168 2216 2235 2283 Dei

218 2299 367 2365 membra
378 2294 748 2363 Ecclesieesecundum
769 2300 963 2364 societatem
983 2311 1197 2366 externorum
1247 2301 1462 2386 pertinentes,
1484 2319 1571 2386 quae
1593 2299 1672 2367 alibi
1695 2321 1788 2382 casu,
1811 2299 1890 2368 alibi
1912 2315 2050 2388 propter
2072 2305 2235 2390 quasdam

219 2387 250 2450 rti
275 2400 404 2462 norum.
438 2383 584 2468 ideoque
604 2395 726 2469 gerunt
749 2381 861 2450 officia
882 2385 915 2449 in
939 2381 1103 2466 Ecclesia,
1124 2385 1197 2451 Neo
1247 2383 1441 2472 probabiles
1465 2387 1614 2452 rationes
1642 2388 1783 2453 variant.
1833 2389 1914 2453 item
1942 2387 2027 2455 aliae
2048 2385 2236 2470 Ecclesiae,

220 2471 335 2536 aimit
360 2469 579 2534 armamentis
608 2466 808 2547 efficaciam,
834 2470 922 2555 quod
951 2489 1014 2554 per
1040 2471 1197 2558 indiguos
1246 2469 1333 2538 elias
1354 2482 1493 2556 propter
1513 2469 1601 2536 tales
1624 2473 1820 2540 traditiones
1850 2475 2237 2554 exeommunicauerunt,

219 2565 418 2633 tractamur,
438 2557 545 2639 qniar
588 2553 1100 2640 resentantQirristiperscnam,
1121 2577 1198 2641 pro·
1247 2569 1284 2624 vt
1304 2568 1442 2642 propter
1463 2559 1731 2624 obseruationem
1754 2559 1925 2638 Pascatis,
1947 2560 2095 2644 picturas
2118 2573 2152 2625 et
2174 2577 2232 2624 res

219 2653 296 2730 pter
317 2639 530 2720 vocationem
578 2637 743 2724 eclesiae,
771 2661 840 2706 nou
868 2652 1101 2728 representant
1121 2659 1198 2730 prc-
1248 2639 1385 2708 similes.
1430 2639 1530 2706 Vnde
1560 2643 1698 2728 imperiti
1728 2645 2018 2724 existimauerunt,
2047 2645 2146 2710 fidem
2172 2663 2235 2709 seu

219 2729 312 2815 prise
330 2742 509 2812 personas,
529 2723 899 2806 attestatnrilluistu'a
922 2726 988 2804 Qui
1008 2746 1074 2792 vos
1093 2729 1197 2810 audit,
1248 2726 1413 2794 iusticiam
1446 2728 1559 2793 cordis
1592 2740 1705 2796 coram
1736 2729 1829 2808 Deo,
1863 2749 1930 2795 non
1959 2748 2061 2812 posse
2090 2731 2236 2795 existere

220 2833 274 2878 me
294 2814 396 2879 audit.
440 2811 523 2878 Gom
550 2814 690 2877 verbum
713 2808 856 2892 Christi,
883 2830 959 2879 cum
987 2819 1199 2880 sacramenta
1248 2815 1321 2878 siue
1342 2811 1396 2878 his
1418 2813 1721 2882 obseruationibus.
1766 2815 1889 2882 Extant
1916 2815 2003 2880 enim
2025 2816 2066 2882 de
2087 2815 2155 2882 ltoe
2177 2835 2236 2880 ne·

219 2901 408 3050 ροιᾞι,
431 2896 653 3049 (lxbrigqifivitpe
675 2909 709 2962 et
729 2896 818 3049 ¹⁰13,
831 2900 1017 3050 pqqritgunt.
1041 2897 1201 3049 {wat
1248 2901 1349 3052 iplqcic
1388 2896 1491 2966 multe
1528 2901 1640 2986 inepte
1678 2902 1805 2988 scripta
1843 2901 2097 2968 Summisteruru
2111 2905 2165 2982 ⁶⁴)
2202 2911 2238 2967 et

219 3002 325 3050 nost
397 3001 448 3048 so
536 3057 539 3064 ¹
582 3001 719 3062 s,ne
891 3003 947 3049 ae
973 3003 1051 3050 mtnr
1104 3005 1200 3052 oront
1295 3005 1399 3052 oront.

221 3069 439 3136 eiiendamur.
474 3067 551 3134 Sed
567 3069 610 3136 de
631 3068 696 3134 bac
718 3087 757 3134 re
778 3001 866 3134 still
886 3067 978 3135 clare
1000 3069 1142 3138 diximus
1163 3073 1200 3136 in
1337 3071 1407 3138 Sed
1428 3070 1516 3148 sicut
1538 3068 1710 3137 dissimilia
1738 3090 1756 3136 s
1782 3071 1855 3137 acia
1876 3073 2004 3138 dierum
2027 3093 2068 3138 ac
2090 3071 2237 3140 noctium

222 3153 448 3240 emiessione,
469 3170 535 3220 nos
556 3152 974 3240 improbarellonatistas,
998 3165 1032 3220 et
1051 3153 1199 3243 Vigleui·
1250 3177 1320 3223 uon
1350 3154 1488 3222 laedunt
1515 3154 1672 3220 anitatem
1694 3091 1885 3236 Ecclesiae,
1913 3159 1964 3223 ite
1985 3159 2145 3225 sentimus
2168 3176 2238 3224 non

222 3251 311 3318 stas,
339 3241 395 3326 qui
423 3251 601 3305 senserunt
629 3239 784 3306 homines
829 3256 967 3318 eccere,
995 3241 1200 3327 accipientes
1251 3239 1338 3310 laedi
1360 3259 1476 3307 veram
1496 3240 1655 3306 unitatem
1678 3239 1854 3308 Ecclesiae
1877 3239 2095 3308 dissimilibus
2117 3245 2237 3310 ritibus

222 3335 433 3392 ”memento
454 3327 497 3391 ab
516 3325 663 3414 indignis
681 3319 716 3390 in
734 3259 899 3392 Ecclesia
931 3324 1024 3393 ilaec
1046 3326 1081 3392 in
1102 3316 1200 3412 pra'e-
1250 3327 1407 3393 institutis
1433 3327 1477 3392 ab
1503 3323 1704 3414 bominibus.
1759 3327 1956 3416 Quanquam
1984 3325 2098 3478 qlacet
2124 3332 2237 3410 uobis,

221 3414 330 3478 sentia
353 3412 549 3477 videbantur
570 3409 730 3477 =suilicere
753 3412 796 3477 ad
819 3407 1047 3478 defensionem
1072 3413 1201 3479 descri-
1251 3423 1288 3479 vt
1319 3407 1530 3478 uniuersales
1562 3413 1663 3492 ritus,
1695 3426 1834 3497 propter
1863 3415 1996 3501 tranqni
2012 3413 2138 3480 litatem
2167 3434 2237 3500 scr·

221 3497 345 3584 ptionis
356 3494 530 3564 Ecclesiae
541 3518 641 3584 quam
663 3497 866 3564 tradidimus.
899 3497 1016 3585 Neque
1037 3497 1202 3579 videmus,
1250 3509 1380 3565 nentur.
1426 3495 1534 3563 Sicut*
1543 3508 1577 3562 et
1598 3515 1662 3563 nos
1684 3498 1717 3564 in
1739 3497 1917 3588 Ecclesijs,
1938 3500 2088 3565 ordinem
2101 3499 2239 3582 Missae,

229 3598 306 3648 cum
317 3579 471 3648 Ecclesia
491 3585 627 3669 proprie
648 3585 748 3664 dicto,
769 3605 811 3671 ep
835 3581 953 3650 elletrn
970 3603 1095 3670 corpus
1107 3583 1203 3651 ctu·
1251 3585 1337 3652 diem
1361 3581 1591 3662 Dominicum,
1623 3596 1658 3649 et
1689 3583 1775 3650 aiios
1803 3587 1876 3651 dies
1902 3585 2009 3652 festos
2033 3583 2238 3653 celebriores

223 3669 284 3746 sti,
314 3667 481 3752 quomodo
503 3667 601 3733 aliter
623 3669 800 3735 describen
824 3690 846 3734 a
866 3668 981 3749 inerit,
1010 3689 1111 3756 quam
1137 3689 1202 3736 nus
1251 3667 1395 3737 libenter
1419 3688 1616 3749 seruamns,
1645 3667 1688 3737 Et
1716 3672 1905 3756 gratissimo
1934 3673 2043 3738 animo
2065 3671 2235 3756 ampiecti·

223 3746 475 3838 descripsimus.
526 3751 667 3819 Constat
690 3755 778 3821 enim
800 3755 920 3842 impios
941 3755 984 3820 ad
1006 3763 1147 3842 regnum
1168 3767 1204 3822 at
1252 3777 1326 3822 mur
1347 3752 1447 3821 vtiies
1468 3776 1511 3822 ac
1532 3769 1664 3821 veteres
1686 3757 1925 3848 ordinationes,
1948 3759 2144 3844 praesertim
2162 3777 2238 3824 cum

224 3849 349 3924 eorpus
373 3835 501 3903 diaboli
522 3839 706 3923 pertinere,
750 3840 785 3906 ui
805 3837 949 3925 impellit
973 3849 1007 3904 et
1028 3841 1130 3908 habet
1147 3861 1203 3908 ce·
1253 3842 1445 3906 contineant
1471 3841 1734 3928 paedagogium,
1786 3862 1828 3907 ua
1855 3843 1994 3928 prodest
2021 3841 2180 3929 populum
2202 3853 2236 3910 et

222 3927 334 4011 priuos
354 3923 486 4009 impios.
529 3921 622 3991 llaec
645 3861 821 3992 mntlace
842 3924 1025 3991 meridiana
1045 3923 1202 4008 clariora,
1251 3926 1424 4012 imperitos
1451 3924 1669 3992 assueiacere
1697 3863 1912 4007 calocero,
1942 3926 2011 3992 Sed
2034 3949 2100 3994 non
2124 3928 2237 4012 dispu-

159 4031 192 4054 Ι
225 4015 313 4097 quae
335 4021 445 4074 tanen
468 4011 498 4074 si
519 4022 660 4096 pergent
682 4010 876 4078 calumniari
902 4011 1106 4099 aduersarij,
1134 4031 1202 4076 non
1252 4024 1362 4078 tamus
1394 4031 1502 4091 nunc,
1530 4031 1574 4077 an
1607 4007 1775 4078 conducat
1800 4025 1937 4098 propter
1966 4009 2238 4098 tranquillitatem

227 4097 443 4185 grauabitnur
463 4098 634 4182 copiosius
657 4097 875 4182 respondere.
1252 4109 1312 4164 aut
1344 4095 1554 4183 corporalem
1586 4093 1758 4162 utilitatem
1792 4117 1940 4164 seruare.
1987 4095 2063 4163 Alia
2090 4118 2145 4164 res
2167 4099 2238 4186 agt-

311 4181 479 4246 Domuant
505 4182 691 4268 aduersarij
720 4195 754 4249 et
783 4182 873 4250 banc
905 4193 1034 4269 partem
1062 4182 1203 4268 Septimi
1253 4196 1323 4264 tur,
1355 4183 1554 4268 Disputatur
1581 4181 1687 4260 enim,
1711 4181 1831 4249 Vtrum
1859 4185 2113 4250 obseruationes
2135 4185 2237 4250 tradi·

225 4267 370 4346 entend,
392 4269 482 4353 quod
504 4269 644 4336 diximus
666 4270 836 4336 adrerum
847 4269 1003 4336 mitatem
1013 4266 1202 4348 Ecclesiae,
1252 4269 1379 4335 tionum
1399 4267 1619 4333 humanarum
1648 4268 1714 4332 sint
1737 4267 1848 4334 cultus
1872 4271 2055 4357 necessarij
2078 4271 2122 4335 ad
2144 4271 2237 4336 iusti·

225 4354 310 4418 setis
332 4371 412 4419 esse
428 4348 627 4422 'consentire
648 4355 690 4420 de
711 4353 863 4420 doctrina
879 4352 1067 4443 Euangeiij,
1088 4367 1122 4421 et
1143 4356 1202 4419 ada
1253 4356 1338 4422 ciam
1360 4373 1475 4420 coram
1491 4351 1578 4432 Deo,
1601 4351 1675 4419 Hoc
1697 4365 1750 4420 est
1771 4354 1943 4440 κρινόμενον
1963 4356 1998 4420 in
2020 4357 2086 4421 hec
2102 4367 2237 4422 contro·
2351 4363 2355 4370 '

225 4438 471 4504 ministratione
482 4451 779 4519 sacramentorum,
794 4459 1113 4522 uecuecesseesse,
1132 4441 1202 4506 rbi·
1252 4439 1375 4518 uersis,
1393 4457 1460 4524 quo
1479 4437 1673 4514 constituto,
1695 4451 1812 4588 postea
1825 4441 1963 4506 iudicari
1973 4452 2097 4526 potest,
2115 4439 2237 4508 Vtrum

225 4542 292 4610 que
309 4523 436 4590 similes
452 4527 648 4592 traditiones
665 4525 829 4593 humanas
847 4545 936 4605 esse,
957 4547 1020 4592 sen
1042 4528 1124 4593 titus
1145 4533 1203 4593 aut
1253 4527 1297 4593 ad
1318 4545 1431 4592 veram
1453 4525 1612 4590 mitatem
1633 4523 1807 4591 Eccesiae
1828 4529 2031 4592 accessesit
2052 4528 2237 4614 rbiquesi·

226 4605 880 4696 ceremoniasabhominibusinstitutas.
915 4613 978 4680 tito
999 4613 1206 4698 distinguunt
1253 4611 1350 4678 miles
1377 4628 1456 4676 esse
1477 4611 1674 4678 traditiones
1697 4614 1871 4678 humanas.
1914 4613 1952 4678 Si
1978 4613 2065 4678 enim
2088 4613 2236 4678 uaditio·

225 4693 435 4764 uniuersales
457 4710 490 4762 et
516 4694 737 4784 particulares
764 4699 865 4777 ritus,
893 4709 927 4764 et
953 4701 1097 4784 probent
1127 4699 1204 4764 arti·
1253 4717 1315 4764 nes
1337 4696 1502 4762 humanae
1528 4716 1597 4762 non
1623 4707 1703 4762 sunt
1729 4695 1838 4764 cuitus
1859 4699 2045 4784 necessarij
2075 4701 2118 4764 ad
2143 4697 2236 4762 iusti·

224 4780 336 4850 culum
357 4794 520 4864 nostrum,
542 4785 571 4848 si
592 4781 797 4871 intelligatur
815 4785 856 4850 tle
865 4781 1125 4871 particularibus
1136 4784 1203 4850 riti·
1255 4783 1338 4850 ciam
1367 4802 1480 4849 coram
1509 4779 1604 4863 Deo,
1632 4781 1789 4868 Sequitur
1814 4803 1917 4869 posse
1943 4785 2052 4850 iustos
2084 4796 2118 4850 et
2144 4779 2236 4848 iiiios

225 4869 307 4948 bus,
340 4867 396 4933 De
427 4867 673 4937 uniuersalibus
700 4872 849 4948 ritibus,
866 4890 935 4936 non
969 4870 1141 4956 recipiunt
1158 4873 1204 4948 ⁰⁸)
1255 4869 1321 4935 Dei
1353 4887 1447 4947 esse,
1481 4869 1580 4934 etiam
1607 4867 1639 4933 si
1666 4888 1751 4956 quas
1778 4871 1973 4936 traditiones
2003 4889 2070 4934 non
2097 4867 2235 4948 babent,

224 4955 303 5022 Non
323 4957 409 5020 satis
429 4953 644 5044 inteliqimus
665 4955 747 5044 quid
766 4952 870 5024 velint
897 4956 1102 5044 aduersarij,
1131 4955 1204 5022 Nos
1255 4973 1341 5043 quae
1374 4951 1455 5036 aiibi
1486 4965 1642 5042 receptae
1673 4965 1763 5046 sunt
1818 4954 1863 5022 Vt
1877 4971 1879 4978 ·
1894 4957 1925 5021 si
1952 4954 2061 5022 forme
2092 4955 2235 5022 vestitus

224 5107 434 5126 -u-
1255 5125 1464 5149 m

223 5228 275 5297 et>
292 5228 443 5297 ηοριιιι]
459 5229 510 5283 ιιι.
528 5229 573 5282 ιι
588 5229 763 5298 matuta
817 5236 822 5256 =
876 5273 884 5284 ,
939 5231 943 5247 ·
1256 5227 1306 5298 et)
1322 5199 1531 5300 summ]
1548 5229 1600 5282 aa
1618 5231 1644 5284 a
1661 5237 1714 5302 ap.
1733 5245 1796 5285 m
1813 5229 2020 5324 saumana·

430 5345 863 5396 κωπιοοιιοιιιιι.
1991 5329 2028 5386 ⁸⁴
