4916 5676
2147 163 2219 318 bo

285 438 367 524 (sci.
385 435 455 516 38⁸)
483 436 519 500 lu
546 433 702 502 Numeris
730 453 804 521 cap.
833 429 996 502 xxv1u⁰
1021 437 1181 502 describi·
1233 437 1312 518 (foi.
1352 435 1426 515 39⁸)
1465 435 1540 502 lloc
1579 435 1779 504 seemiicium
1834 435 2071 503 medicationis
2085 441 2139 518 ⁸¹)
2178 451 2214 507 et

200 541 254 595 tur
276 527 353 613 iuge
375 521 596 603 sacrificium,
617 521 836 588 cremabatur
864 540 973 606 agnus
1004 532 1038 588 et
1066 521 1182 588 offere·
1234 526 1415 610 gratiarum
1438 523 1579 588 aetionis
1601 541 1734 608 semper
1755 523 1788 588 iu
1811 457 1967 589 llccleste
1993 538 2131 590 manere
2158 526 2214 593 de·

200 616 300 682 batur
322 607 431 676 simila
453 625 640 694 conspersa
663 607 751 687 olco,
773 605 970 674 Accedebat
991 619 1025 673 et
1050 606 1180 688 libatio,
1234 613 1301 676 bet.
1345 606 1543 674 Ceremonia
1564 610 1639 694 ipsa
1661 609 1735 674 sinc
1756 610 1911 676 doctrinm
1932 619 1986 674 est
2007 621 2109 676 muta.
2125 614 2179 686 ⁸²)

201 711 295 773 certa
316 697 385 763 vini
411 715 578 762 mensura.
623 691 717 760 Haec
745 696 936 760 ceremonia
960 705 1032 758 erat
1063 713 1182 778 perpe·
1318 694 1415 770 Nunc
1447 695 1546 779 igitur
1577 695 1845 774 consideremus,
1885 697 1951 761 vtri
1984 693 2143 762 aboleant
2157 699 2213 776 ⁸⁸)

199 797 266 852 tua.
311 782 387 858 Qua
408 783 437 846 si
460 783 535 866 quis
558 781 737 846 contendet
751 783 805 858 ⁹⁶)
827 779 1009 866 significari
1030 778 1182 858 Missam,
1233 782 1311 867 iuge
1352 779 1563 846 saemiieium.
1617 779 1837 869 Euangelium
1869 782 1958 864 apud
1997 781 2214 852 aduersarios

198 889 267 936 non
290 865 389 934 valde
411 867 691 953 repugnabimus,
714 866 744 928 si
766 877 877 930 temen
907 875 1012 931 totam
1041 864 1181 930 Missam
1232 867 1443 951 paucissimis
1464 862 1550 931 loeis
1573 867 1723 932 docetur.
1759 868 1795 930 ln
1818 863 1929 932 multis
1952 869 2083 953 magnis
2105 870 2215 954 regio·

189 951 539 1041 -compleotetur,·hoe
556 963 620 1031 est,
642 951 789 1018 Coenam
817 949 953 1016 Domini
982 971 1060 1016 cum
1086 968 1182 1034 prae·
1232 954 1331 1018 nibus
1360 947 1431 1016 iere
1463 961 1535 1016 toto
1572 971 1661 1017 anno
1684 949 1797 1018 nullae
1825 952 1909 1017 fiunt
1936 955 2128 1019 conciones.
2172 953 2216 1020 Et

199 1043 366 1110 dicationa
386 1041 500 1118 verbi,
530 1057 616 1124 quae
643 1037 757 1102 addita
783 1049 835 1102 est
864 1035 942 1102 huic
970 1037 1182 1114 cerimoniae,
1233 1059 1308 1105 cum
1330 1036 1423 1116 fiunt,
1440 1039 1600 1103 recitatur
1622 1039 1783 1104 somnium
1806 1036 1948 1104 alicuius
1970 1038 2137 1120 monaehi,
2157 1049 2216 1108 aut

199 1131 295 1198 Sicut
333 1124 459 1192 Paulus
491 1124 613 1210 inquit,
647 1122 787 1196 Quoties
810 1123 1023 1190 comederitis
1060 1142 1181 1208 panem
1233 1125 1263 1190 si
1286 1124 1365 1210 quid
1383 1122 1584 1203 camelius,
1606 1126 1803 1210 proponitur
1822 1122 1934 1211 aliqua
1956 1122 2063 1190 ciuilis
2084 1135 2218 1194 senten·

198 1214 346 1282 annotet
364 1210 501 1279 calicem
523 1209 614 1276 hunc
641 1211 779 1288 bibetis,
796 1214 849 1288 ²⁶)
876 1221 1017 1276 mortem
1047 1207 1182 1292 Domini
1232 1211 1284 1276 cia
1310 1220 1343 1276 et
1371 1207 1595 1295 philosophia.
1639 1209 1691 1275 De
1714 1209 1866 1288 Christo,
1896 1209 1937 1276 de
1971 1209 2037 1276 fide
2060 1212 2092 1274 in
2121 1211 2216 1278 Chri·

163 313 166 318 .
196 245 265 349 933
585 277 590 286 ·
650 238 766 314 attin.
788 245 893 312 nah.
914 243 1104 314 SCRIPTA
1124 244 1396 316 potamion
1417 240 1474 314 ΕΤ
1494 242 1768 319 atnaohtcn.

171 1301 411 1368 ‚annunciata
434 1298 542 1362 donec
564 1296 705 1362 venerit.

289 1410 333 1475 Vt
361 1410 463 1496 igitur
489 1408 566 1473 istic
594 1419 666 1471 erat
698 1413 860 1492 perpetua
892 1407 1055 1492 quaedam
1090 1423 1181 1470 cera·

199 1497 329 1573 monia,
375 1515 441 1560 uae
463 1501 497 1558 et
519 1494 549 1557 si
575 1491 749 1571 nifieabot,
779 1503 954 1557 venturum
981 1510 1060 1557 asse
1086 1489 1183 1556 Chri·

152 1573 157 1598 ⁸
200 1593 290 1650 stum
311 1593 346 1646 et
385 1601 453 1646 unc
473 1599 541 1728 pop
579 1599 633 1644 um
650 1579 844 1643 duraturum
861 1597 952 1657 esse,
968 1575 1183 1644 doneeChri·

200 1680 275 1735 stus
297 1676 505 1744 nasceretur,
543 1675 576 1730 ta
597 1684 662 1730 nos
682 1663 844 1730 hahemus
866 1664 1014 1730 Coenam
1035 1661 1182 1740 Domini,

201 1755 292 1842 quod
306 1757 360 1832 Π)
381 1761 475 1818 reete
496 1762 638 1817 vocatur
656 1761 825 1818 aeternum
843 1750 1183 1834 testamentumque

201 1851 361 1919 testatur,
396 1837 566 1903 Christum
594 1838 792 1922 apparuisse
824 1848 859 1901 et
882 1857 951 1900 non
965 1839 1018 1913 28)
1051 1845 1183 1900 restare

200 1947 327 2014 nouum
347 1922 438 1990 aliud
461 1925 614 2002 verbum,
637 1923 728 2009 quod
751 1923 875 1988 mundo
896 1917 993 1987 Deus
1017 1923 1181 1987 missurus

201 2019 256 2079 sit.
300 2012 345 2076 Et
366 2008 533 2098 significat
554 2010 622 2075 hoc
643 2029 768 2074 nouum
796 2017 1029 2074 testamentum
1058 2018 1092 2072 et
1120 2007 1182 2074 Ee·

202 2097 339 2165 alesiam
361 2115 496 2181 sempor
517 2115 708 2162 mansuram
729 2112 816 2158 essa

287 2208 369 2292 (fel.
400 2207 472 2284 38⁵)
507 2207 576 2274 Sed
616 2208 660 2272 ad
693 2205 914 2270 ceremoniam
946 2204 1100 2270 addenda
1132 2213 1185 2268 est

200 2295 406 2384 praedicatio
439 2290 633 2380 Euangelij,
667 2310 728 2377 per
755 2311 853 2377 quam
880 2290 1061 2356 innotescit
1089 2286 1184 2354 Chri·

201 2393 276 2450 atus
295 2391 329 2448 et
350 2391 536 2446 mactantur
566 2377 716 2458 hostiae,
748 2389 782 2442 et
811 2385 915 2463 agunt
942 2375 1069 2464 gratias
1095 2373 1184 2454 Deo,

201 2479 234 2535 et
255 2467 393 2533 laudant
414 2464 534 2532 Deum.
573 2464 666 2530 liaeo
692 2474 771 2530 sunt
792 2461 959 2528 sacrificia
981 2462 1060 2527 noui
1082 2471 1184 2528 testa·

200 2554 312 2620 menti.
357 2552 444 2616 Nam
470 2553 629 2617 crematio
659 2551 737 2637 agni
764 2547 932 2634 significat
959 2545 1185 2612 mortificatio-

203 2653 279 2705 nem
309 2636 433 2704 Christi
466 2648 499 2702 et
526 2637 670 2702 omnium
699 2637 922 2700 membrorum
948 2635 1040 2712 eius,
1070 2627 1185 2698 Simila

201 2723 468 2802 riuilicationem,
490 2741 577 2808 quae
597 2722 635 2788 fit
654 2716 717 2806 'per
745 2719 845 2785 fidem
873 2721 908 2784 in
935 2719 1186 2804 praedicatione

128 2811 134 2828 '
201 2811 444 2897 poenitenciae,
465 2807 598 2873 Libatio
667 2807 807 2872 atiarum
832 2805 998 2870 actionem
1027 2815 1061 2869 ct
1090 2819 1186 2890 prae

204 2896 414 2964 Dandonem.
429 2898 484 2972 oc)
527 2893 599 2958 Hes
625 2829 757 2959 {hstias
785 2890 987 2978 significauit
1007 2887 1089 2955 illud
1111 2907 1188 2975 spc-

205 2978 372 3050 etaeulum
394 2980 575 3048 eirhihltum
596 2981 631 3046 in
651 2976 742 3068 lege,
765 2975 921 3045 videlicet
935 2987 1113 3064 postquam
1130 2993 1188 3062 ap·

203 3069 371 3156 paruisset
391 3066 559 3146 Christus,
578 3082 773 3134 mmmmm
788 3067 824 3130 in
833 3066 957 3132 mundo
968 3059 1188 3148 Euangelium

204 3167 239 3224 et
258 3163 420 3240 perpetuo
443 3153 629 3220 docendum
652 3172 742 3229 esse,
766 3163 802 3217 vt
820 3150 963 3218 subinde
983 3147 1086 3235 aliqui
1107 3167 1189 3215 con·

205 3251 380 3310 uertamur
399 3250 434 3306 et
454 3239 537 3306 liant
558 3238 690 3306 hostiae
712 3236 807 3318 Deo,
835 3249 869 3303 et
895 3236 1062 3320 accipiant
1087 3236 1189 3302 vitam

204 3335 388 3402 aeternam,
410 3335 444 3390 et
465 3336 568 3410 agant
588 3326 717 3411 gratias
738 3323 826 3402 Deo,
848 3335 882 3387 et
903 3321 1042 3388 laudent
1063 3317 1186 3399 Deum,

205 3421 242 3476 ct
272 3419 451 3480 testentur,
485 3411 576 3494 qued
614 3429 695 3474 vera
733 3409 778 3474 sit
815 3407 993 3494 Euangelij
1026 3407 1189 3484 doctrine,

205 3495 295 3583 quod
331 3513 412 3560 vere
444 3491 541 3558 Deus
574 3495 742 3567 irascatur
774 3493 944 3578 peccatis,
984 3491 1076 3576 quod
1106 3507 1189 3556 vera

205 3583 362 3646 inescat
384 3579 617 3660 credentibus,
646 3598 728 3645 vere
751 3577 926 3656 exaudiat,
957 3594 1039 3641 vere
1067 3573 1188 3640 saluet.

235 3677 249 3734 t
270 3665 338 3733 hoc
359 3665 547 3732 testimonio
569 3662 656 3732 aiios
677 3663 721 3730 ad
739 3661 943 3730 credendum
969 3661 1119 3727 innitent.
1134 3663 1189 3742 ³⁰)

207 3993 256 4059 ii)
274 3953 424 4060 oonundet]
448 3993 583 4046 Ouoid.:
601 3991 736 4043 mutandis
850 4047 866 4074 θ

207 4081 255 4146 aii)
273 4079 387 4146 bibatis,]
405 4076 538 4132 enolae
558 4079 684 4146 biberitis,

207 4163 256 4248 97)
270 4165 356 4233 ‘quodJ
373 4163 437 4248 horto
453 4180 536 4250 occasa
553 4161 691 4246 opopropii
707 4163 816 4246 Spatia..
827 4161 1027 4246 lipia'nthpn
1045 4157 1146 4221 delenti,
1165 4166 1189 4212 a

271 4249 542 4370 &flamme
558 4239 672 4303 aertpoir
690 4248 771 4300 quae,
792 4239 867 4286 neam
885 4237 959 4284 deam
981 4247 1009 4280 m
1026 4227 1146 4283 Ouoid.
1165 4236 1189 4281 α

208 4363 256 4454 93)
273 4385 337 4470 uon]
355 4387 418 4508 ipae
434 4405 516 4444 moen
531 4387 729 4442 Halauthon
751 4388 779 4438 io
800 4385 912 4440 Caeli.
934 4400 1012 4454 supro
1030 4385 1120 4438 lineae
1142 4383 1188 4435 cd·

208 4505 258 4610 93)
273 4472 486 4596 lillalallnmemtio
496 4546 567 4625 ‘agni
584 4566 617 4585 -
627 4571 661 4586 ·-
677 4545 808 4595 moenam
824 4549 852 4592 et
867 4537 1110 4662 praedicationem)
1128 4538 1190 4622 laec

276 4609 474 4668 Melanthea
490 4629 518 4662 tn
537 4611 685 4682 ¹opeproplie
797 4647 804 4661 .
828 4610 875 4662 leco
897 4609 993 4678 qudem
1016 4610 1068 4662 laec
1109 4609 1190 4672 deest,

278 4680 324 4737 aad
335 4679 413 4748 paulo
429 4681 536 4746 susim
553 4681 631 4734 danao
649 4701 666 4733 o
707 4683 750 4732 'it
773 4681 844 4748 (vide
868 4686 941 4732 omos
962 4677 1058 4747 subseq.
1083 4679 1126 4732 30.
1154 4676 1189 4729 ic-

277 4763 332 4802 aun
348 4750 509 4816 abentem
532 4759 682 4819 quapropter
699 4749 760 4806 taso
775 4766 851 4820 nque
872 4751 901 4800 in
923 4748 1041 4802 Ouoid.
1064 4763 1140 4815 nepae
1162 4747 1191 4796 ia

281 4817 393 4884 Chytr.
411 4815 451 4882 bip
467 4819 590 4886 kpataar.

210 4903 312 4972 iili-a
342 4904 501 4958 amotum
529 4903 663 4975 auena]
689 4905 725 4958 aa
747 4904 808 4958 aaa
837 4902 915 4958 oeta
938 4877 1134 4957 usrsnrno'n
1163 4901 1198 4970 a,

280 4969 390 5026 Caeli.
414 4975 442 5025 s'n
461 4975 576 5041 sumpius
595 4975 718 5040 Woeiore
734 4976 857 5041 sotim
876 4975 926 5026 ddi
945 4979 968 5027 d
989 4973 1039 5028 aa·
1056 4967 1191 5037 odaott'ptt'i

278 5041 611 5164 hocddimmppod
627 5044 700 5098 aba
716 5045 744 5096 in
762 5040 881 5097 Ouoid.
900 5051 925 5096 at
942 5042 1055 5108 Chytr.
1074 5041 1192 5124 inreptet,

277 5113 368 5180 pateis
384 5112 493 5176 amatia
512 5129 542 5165 ea
564 5111 651 5166 'tam
669 5113 711 5164 lta
719 5111 816 5166 Paulos
832 5115 1019 5178 interpretatur
1036 5109 1192 5161 saeninum

280 5180 314 5232 da
331 5183 538 5248 praedieatione,
553 5183 607 5236 ida
625 5179 699 5250 (ium
715 5198 774 5244 oca,
791 5198 865 5250 pam
882 5183 958 5236 mosa
974 5178 1091 5246 Chytr.
1108 5175 1192 5239 doda,

1232 1307 1340 1376 stum,
1359 1296 1451 1382 quod
1478 1315 1539 1380 per
1565 1294 1659 1360 illum
1686 1296 1870 1362 habeamus
1897 1293 2067 1380 placatum
2095 1295 2216 1381 ὓειιω,

1233 1383 1325 1470 quod
1356 1401 1417 1464 per
1449 1377 1540 1448 illum
1572 1383 1785 1468 impetremus
1818 1400 1840 1445 a
1869 1379 1943 1447 Deo
1970 1384 2080 1447 omnia
2112 1385 2216 1463 hona,

1233 1487 1301 1534 non
1335 1479 1472 1554 propter
1500 1468 1616 1532 merita
1642 1481 1778 1547 nostra,
1805 1467 1858 1534 De
1890 1469 2049 1534 exercitio
2077 1466 2155 1534 fidei
2183 1471 2217 1536 in

1233 1555 1387 1620 omnihus
1405 1551 1659 1632 afflictionibus,
1687 1556 1730 1620 de
1747 1575 1810 1620 sua
1840 1551 2000 1640 culosque
2027 1555 2216 1635 vocatione,

1237 1642 1279 1706 de
1300 1641 1449 1718 caritate,
1472 1641 1514 1704 de
1538 1639 1591 1704 his
1613 1643 1715 1706 rebus
1737 1641 1783 1705 ihi
1804 1639 1971 1705 minimum
1987 1640 2138 1720 docetur,
2159 1641 2218 1707 vbi
2309 1684 2312 1690 -

1233 1723 1410 1811 plurimum
1437 1735 1490 1789 est
1522 1722 1688 1791 venalium
1719 1727 1907 1790 missamm.
1956 1725 2089 1791 interim
2123 1745 2217 1792 cere-

1233 1812 1345 1878 monia
1365 1812 1515 1877 instituta
1535 1825 1672 1896 propter
1692 1811 1973 1896 praedicationem
2004 1812 2046 1877 dc
2066 1808 2216 1894 Christo,

1235 1895 1406 1964 confertur
1426 1897 1507 1981 (fol.
1535 1897 1606 1975 39⁵)
1632 1899 1676 1963 ad
1702 1895 1803 1964 alium
1830 1915 1947 1976 nsum,
1979 1906 2016 1961 vt
2049 1909 2217 1964 mereatur

1234 1981 1311 2066 alijs
1326 1987 1379 2060 ³⁴)
1408 1985 1549 2068 gratiam
1586 2003 1628 2050 en
1656 2001 1760 2068 opere
1787 1993 1937 2068 operato.
1982 1981 2137 2048 lb‘overa
2163 1993 2219 2050 ost

1235 2071 1433 2154 abrogatum
1446 2071 1500 2146 86)
1524 2070 1601 2154 iuge
1618 2067 1837 2148 sacrificium,
1860 2069 1917 2135 vhi
1938 2066 2105 2154 legitimus
2132 2087 2216 2134 rsus

1235 2155 1436 2304 {acramppti
1458 2173 1640 2242 peruersus
1662 2166 1723 2234 est,
1746 2163 1779 2220 et
1801 2154 1998 2221 conticescit
2008 2155 2216 2238 praedicatio

1266 2261 1329 2305 uan
1357 2261 1424 2304 cr.

1351 2261 1414 2390 atil
1437 2335 1489 2390 est
1507 2335 1615 2390 status
1638 2325 1672 2390 in
1699 2322 1758 2390 iilo
1785 2343 1890 2412 ragno
1919 2322 2132 2404 Pontificum,
2160 2323 2217 2412 qui

1237 2411 1391 2479 doctrinm
1412 2409 1588 2498 Euangelij
1613 2421 1670 2476 aut
1689 2407 1877 2499 negligunt,
1898 2421 1956 2476 aut
1978 2411 2077 2476 etiem
2099 2429 2214 2494 perse·

1237 2507 1382 2585 quantur
1399 2507 1433 2562 et
1455 2495 1569 2564 delere
1591 2507 1765 2563 conantur.
1780 2501 1833 2576 36)
1866 2496 1911 2561 Et
1931 2507 2010 2564 sunt
2025 2493 2092 2561 alia
2112 2493 2217 2564 multa

1238 2687 1441 2701 ...ιο-..-

1309 2826 1328 2860 c
1345 2805 1564 2859 Melanthons
1581 2807 1608 2858 ia
1626 2805 1732 2856 Coeli.
1749 2806 1778 2856 in
1794 2807 1906 2872 morfisa
1930 2806 2031 2856 einim
2053 2804 2142 2858 addito
2165 2812 2220 2872 σας

1310 2876 1429 2931 Ouoid.
1443 2894 1493 2944 pro
1511 2877 1717 2942 praedicatione,
1735 2873 1788 2924 fida
1811 2871 1898 2926 baden
1920 2875 2119 2940 praedicacioua
2141 2873 2221 2944 fidei)

1309 2953 1335 2994 ct
1353 2945 1499 3012 graciarum
1517 2946 1628 2994 actione.
1646 2941 1696 2996 Ro.
1717 2944 1758 2994 lo.
1777 2949 1806 2994 vt
1830 2946 1877 2994 sim
1900 2945 2019 2994 minister
2038 2943 2099 2992 Iesu
2122 2941 2223 2996 Christi

1308 3015 1377 3064 iuter
1394 3022 1494 3080 gentos,
1511 3013 1662 3064 sacrificam
1683 3013 1855 3077 Euangeliou
1879 3014 1935 3079 dej,
1957 3017 1985 3060 vt
2008 3007 2162 3076 (Ouolas
2182 3011 2221 3080 et)

1309 3081 1356 3134 flat
1381 3084 1486 3134 obirem
1513 3085 1631 3148 gentium
1657 3091 1780 3147 accepta,
1809 3081 1970 3134 medicata
1996 3081 2092 3146 spiritu
2119 3087 2224 3132 nauum.

1310 3155 1346 3206 Bt
1361 3153 1456 3218 Philip.
1476 3153 1500 3204 9.
1537 3151 1591 3202 Sed
1609 3160 1637 3201 et
1654 3154 1677 3202 ai
1695 3151 1822 3216 (Chytr.
1842 3158 1869 3202 et
1886 3152 1951 3216 ego)
1970 3151 2092 3202 immolor
2114 3157 2223 3217 propter

1310 3221 1426 3273 hostiam
1449 3230 1476 3272 at
1497 3221 1653 3272 sacrificium
1676 3220 1737 3270 iidei
1760 3226 1870 3274 vestrm.
1909 3219 1980 3272 Nam
2004 3221 2133 3272 crematio
2158 3221 2223 3282 agui

1309 3291 1439 3355 signifieat
1467 3289 1696 3366 mprtiiicationem
1726 3284 1822 3340 Christi
1851 3295 1877 3338 et
1904 3289 2019 3338 omnium
2046 3288 2223 3340 membrorum

1310 3362 1376 3411 alus.
1410 3357 1504 3410 Simila
1521 3359 1745 3420 Viuiiioationem,
1769 3373 1835 3424 quae
1852 3358 1883 3407 iit
1898 3371 1946 3423 par
1967 3357 2046 3407 iidem
2068 3359 2096 3407 iu
2118 3357 2222 3422 praedi·

1310 3431 1414 3480 eatione
1432 3429 1622 3493 poenitenciae.
1642 3425 1768 3491 (Chytr.
1783 3443 1846 3494 pro:
1864 3428 1892 3476 iu
1909 3428 2000 3492 praed.
2016 3428 2116 3492 poenit.
2135 3421 2219 3478 habet:

1309 3497 1337 3546 in
1354 3497 1550 3561 praedicatione
1562 3495 1711 3558 Euangelii‚
1729 3509 1795 3558 quaa
1805 3496 1955 3546 consolatur
1973 3495 2146 3546 conscientias
2163 3509 2222 3559 per·

1309 3563 1458 3614 terminatas
1482 3563 1680 3629 praedicatione
1702 3565 1900 3632 poenitentiae.)
1924 3563 2049 3626 Libaoio,
2073 3563 2221 3628 graciarum

1309 3635 1440 3684 actionem
1458 3641 1484 3682 et
1501 3633 1729 3698 praedieatiohem.

1230 3719 1288 3798 Ι39)
1306 3715 1519 3801 praedicationis]
1552 3718 1749 3802 Melanthea
1775 3727 1834 3786 poet
1859 3717 1922 3769 icoc
1948 3733 2030 3770 vocem
2055 3719 2083 3768 in
2114 3715 2221 3770 Caeli.

1307 3784 1909 3922 itaittuit'tti„insistit”
1927 3785 2046 3840 ΟΜ·
2065 3791 2088 3838 '²
2106 3783 2219 3851 ⁰¹¹¹*

1240 3941 1288 4012 39)
1307 3950 1348 4014 cat
1363 3939 1527 4012 muta.]⁴pcnt
1545 3941 1606 3994 ioco
1622 3938 1698 3993 cerdo
1715 3943 1742 3991 in
1761 3940 1873 4007 Chytr.
1895 3941 1988 4008 lepitan-
2005 3939 2050 3991 loc
2067 3916 2221 3994 &dilemm-

1308 4011 1503 4064 iamveterem
1522 4009 1638 4064 Coenam
1656 4009 1764 4060 Domini
1781 4009 1973 4062 Eucharistiam
1995 4016 2172 4072 uocauerant,
2193 4015 2222 4058 vt

1309 4081 1497 4146 significarent,
1516 4079 1584 4132 hane
1603 4081 1777 4130 ceremoniam
1794 4077 1940 4130 institutam
1958 4093 2028 4142 asse,
2047 4085 2076 4128 vt
2091 4077 2129 4129 ibi
2147 4091 2222 4142 prae·

1309 4150 1460 4201 dicerentur
1476 4149 1603 4200 beneficia
1619 4147 1718 4198 Christi
1736 4155 1763 4198 et
1780 4149 1942 4213 erigerentur
1958 4149 2069 4213 pauidas
2087 4147 2222 4197 conteien-

1308 4219 1370 4279 tiae,
1388 4227 1414 4268 et
1431 4218 1629 4269 confirmaretur
1644 4217 1751 4280 fiducia,
1762 4219 1868 4282 cognita
1881 4219 2035 4269 remissione
2043 4223 2222 4282 peccatorum,

1309 4293 1336 4336 et
1352 4288 1483 4353 aperiatur
1500 4287 1593 4351 gratia.

1239 4363 1287 4440 33)
1308 4371 1443 4494 :ippffipl
1460 4369 1586 4423 liceret.
1604 4373 1632 4423 in
1648 4365 1696 4424 auo
1712 4366 1763 4424 Ed.
1778 4367 1878 4424 Codicis
1896 4366 2007 4422 Caeli.
2018 4366 2091 4440 sobe
2109 4367 2221 4422 esla‘bats

1240 4527 1288 4594 34)
1306 4526 1375 4594 alijs]
1395 4526 1528 4578 Ouoid.:
1546 4527 1590 4596 aiij
1789 4601 1791 4608 Α
1866 4568 1869 4578 .
1969 4584 1972 4594 Δ

1240 4613 1289 4680 aa)
1308 4621 1348 4664 ast
1363 4607 1529 4680 abrogatum]
1553 4612 1685 4674 Ouold,
1703 4610 1835 4676 Chytr.=
1854 4613 2010 4676 abrogatum
2028 4615 2067 4662 ast

1241 4698 1289 4768 aa)
1307 4699 1381 4749 'Palis
1399 4706 1439 4749 est
1455 4707 1537 4751 status
1556 4727 1589 4738 -
1607 4706 1633 4748 et
1650 4698 1739 4748 delere
1757 4697 1894 4764 conantur]
1912 4696 1974 4750 hoec
1989 4694 2067 4750 arba
2078 4691 2224 4774 wop&

1309 4765 1409 4836 Spolet-
1429 4767 1624 4821 Melanthea
1642 4766 1733 4829 debuit
1751 4774 1774 4818 et
1788 4782 1836 4832 pro
1852 4769 1886 4819 iia
1902 4767 1929 4818 ia
1942 4766 2046 4822 maiora
2061 4771 2085 4816 at
2101 4764 2227 4830 <matoes
2307 4807 2317 4814 .

1310 4837 1423 4904 moins
1431 4837 1556 4906 soliorum
1579 4836 1627 4888 dib
1645 4850 1677 4888 aa
1698 4837 1747 4888 40⁸
1764 4834 1855 4891 taces
1875 4835 1990 4904 scripsit,
2014 4850 2077 4902 quoa
2100 4834 2174 4884 etiam
2196 4827 2224 4882 ia

1306 4905 1428 4957 'Ouoid.
1447 4913 1470 4960 aa
1488 4905 1600 4970 Chytr.
1619 4901 1664 4955 hoe
1680 4905 1733 4956 ioco
1749 4903 1776 4955 a'n
1792 4905 1985 4972 taxampcoata
2008 4903 2128 4966 matoit'm
2154 4899 2223 4959 ortt

1312 4972 1413 5029 bostare
1449 4975 1495 5028 Sic
1514 4975 1583 5026 enim
1600 4977 1723 5040 seriptum
1740 4981 1779 5024 ast
1797 4974 1830 5024 de
1848 4973 1986 5040 impiorum
2004 4967 2222 5088 sacrificiislp'rc·

1310 5041 1383 5096 uerh.
1405 5035 1445 5096 tt‘.
1464 5038 1591 5096 victimas
1608 5045 1746 5109 impiorum
1758 5041 1922 5094 abominatur
1935 5033 2055 5096 dontinus
2074 5040 2157 5106 (Ono
2181 5032 2228 5102 d.,'

1312 5104 1439 5178 Chyton
1457 5113 1543 5180 deust
1579 5111 1614 5162 lit
1630 5113 1719 5164 oracio
1736 5113 1866 5164 rectoruui
1881 5109 1970 5178 placet
1993 5111 2026 5164 el.
2062 5109 2115 5161 nte
2137 5108 2223 5174 requi·

1303 5173 1347 5232 'rii
1362 5183 1470 5247 aptrttm
1488 5187 1593 5233 sauctm
1616 5172 1695 5232 adem
1717 5183 1931 5244 stanneum,
1956 5192 2012 5233 non
2040 5179 2135 5244 recipit
2156 5186 2223 5244 opos
