4894 5672
223 315 290 384 1109
573 315 613 383 11.
654 311 889 382 aromata
909 313 1232 384 consessionis
1252 303 1567 380 decussatis-a
1611 309 1653 376 ll.
1695 309 1884 380 masas.
2165 311 2234 378 1110

224 525 295 572 non
315 517 459 590 possunt
523 521 601 570 care
621 501 879 582 conscientiam,
908 514 944 568 rt
969 521 1073 589 supra
1100 521 1204 588 saepe
1341 499 1409 565 Sed
1430 497 1486 564 bic
1507 493 1690 564 reclamant
1711 498 1916 586 aduersarij,
1939 501 2040 566 vitam
2062 509 2232 568 aeternam

226 592 426 657 dictumest.
488 588 600 656 thaec
617 587 703 653 iides
724 585 806 652 iacit
828 589 1009 654 discrimen
1030 591 1115 654 inter
1136 588 1203 652 hos
1257 587 1374 652 vocari
1394 584 1600 662 mercedem,
1626 603 1731 669 quare
1757 603 1899 650 necesse
1926 587 1968 650 sit
1994 605 2068 651 eam
2090 587 2132 652 de
2154 605 2234 652 con·

227 678 349 762 quibus
378 676 540 761 contingit
568 672 683 752 salus,
715 686 748 738 et
775 670 853 738 illos
882 676 1003 760 quibus
1030 695 1098 740 non
1127 695 1206 764 con-
1257 671 1358 758 digno
1380 671 1512 750 mereri,
1540 688 1602 818 gar
1629 672 1717 734 bona
1748 689 1862 756 opera.
1904 671 2057 736 Breuitcr
2078 681 2112 736 et
2132 668 2233 755 plane

226 763 335 847 tingit,
357 761 456 826 Fides
474 757 554 824 lacit
573 760 751 826 discrimen
762 760 848 824 inter
858 761 979 846 dignos
992 761 1205 846 etiudignos,
1256 758 1517 843 respondemus,
1573 751 1670 821 aulus
1699 753 1815 821 Roma.
1839 757 1883 822 vi.
1931 757 2040 823 Vitam
2062 767 2233 824 aeternam

227 849 306 934 quia
334 847 403 910 vita
434 859 570 911 aetsma
602 845 768 930 promissa
803 856 855 910 est
882 844 1089 924 laetificatis,
1120 845 1205 910 fides
1257 846 1381 909 donum
1401 837 1561 926 appellat,
1581 842 1659 926 quia
1678 842 1802 906 donata
1818 843 1960 920 iusticia,
1982 853 2120 928 propter
2137 841 2233 907 Chri·

226 945 336 999 autem
353 930 522 998 iustificat.
1258 941 1358 1006 sturm,
1380 923 1477 992 simul
1498 923 1660 993 efficimur
1681 923 1739 1011 filij
1759 925 1822 992 Dei
1844 939 1878 992 et
1899 927 2083 995 coheredes
2096 927 2232 1009 Christi,

357 1037 362 1044 ·
1258 1014 1355 1080 Sicut
1382 1015 1427 1079 sit
1454 1010 1629 1078 lohannes.
1675 1011 1740 1084 Qui
1773 1013 1878 1078 credit
1910 1015 1943 1079 in
1977 1010 2097 1093 lilium,
2130 1013 2233 1080 babet

315 1101 385 1169 Sed
412 1101 468 1168 hio
495 1103 613 1166 iterum
640 1101 857 1169 clamitabunt
889 1101 1093 1188 aduersarii,
1125 1099 1208 1167 nihil
1258 1101 1359 1166 vitam
1388 1110 1568 1162 aeternam.
1612 1096 1655 1162 Et
1683 1098 1891 1184 Augustinus
1924 1101 2048 1185 inquit,
2077 1112 2110 1166 at
2143 1097 2233 1166 huno

227 1207 314 1274 opus
336 1207 416 1254 esse
436 1189 535 1252 bonis
558 1208 578 1252 o
603 1189 733 1266 eribus,
763 1188 793 1251 si
821 1207 889 1251 non
912 1199 1080 1252 merentur
1106 1187 1207 1253 vitam
1259 1186 1364 1250 secuti
1385 1181 1442 1268 alij
1466 1179 1558 1249 molti
1575 1184 1662 1248 idem
1684 1184 1848 1250 dixerunt.
1892 1179 1990 1250 Dona
2012 1205 2074 1250 sua
2093 1196 2234 1252 coronat

232 1286 415 1341 aeternam.
449 1273 520 1338 Has
543 1208 726 1339 calumnias
748 1285 850 1358 supra
874 1270 1102 1340 refutauimus.
1138 1273 1208 1336 lmo
1258 1269 1352 1336 Deus
1374 1271 1408 1334 in
1431 1269 1540 1334 nobis.
1586 1265 1674 1334 Alibi
1696 1289 1779 1336 vero
1806 1271 1967 1356 scriptum
1996 1281 2067 1349 est,
2097 1269 2232 1336 Merces

231 1380 314 1426 vero
334 1378 478 1425 necesse
498 1369 552 1424 est
573 1361 659 1424 bena
681 1359 831 1443 operari,
853 1357 1044 1424 iustificatis
1068 1359 1207 1424 dicimus
1242 1357 1372 1423 'vestra
1405 1355 1545 1440 copiosa
1579 1355 1640 1420 erit
1671 1357 1705 1420 in
1739 1355 1855 1420 coelis.
1899 1355 1993 1422 Haeo
2021 1357 2051 1421 si
2080 1357 2234 1422 videntur

230 1445 448 1531 promissam·
463 1463 540 1510 esse
571 1446 672 1510 vitam
704 1454 885 1510 aeternam.
939 1445 985 1508 At
1010 1462 1074 1509 nec
1098 1443 1206 1516 fidem,
1257 1440 1462 1526 aduersarijs
1491 1459 1657 1526 pugnare,
1686 1443 1750 1525 ipsi
1778 1443 1965 1526 expediant.
2020 1441 2089 1508 Sed
2116 1463 2232 1527 parum

231 1526 739 1684 tatt‘³⁶⁴it0¹ttttit„i¹t,t
757 1531 814 1680 ‘ll
836 1527 1207 1697 talithttttiti
1258 1527 1721 1680 trituraretur
1738 1525 2052 1680 tristitia
2069 1529 2233 1679 0111ῗὲ

231 1713 265 1768 et
288 1701 426 1767 obedire
443 1699 510 1788 legi
527 1699 591 1766 Dei
613 1660 818 1786 incipiamus.
859 1661 937 1766 lder'r
958 1659 1207 1786 regeneramur:
1257 1696 1413 1765 eubulum
1431 1698 1607 1776 mercedis,
1628 1699 1727 1782 idque
1737 1634 1954 1764 acffrbtds’ims
1965 1635 2232 1782 intergetantur,

232 1799 266 1854 et
289 1788 441 1872 spiritum
462 1799 616 1852 sanctum
637 1787 829 1872 accipimus,
850 1797 886 1851 vt
906 1785 1208 1851 nouauitahabeat
1257 1806 1326 1852 non
1358 1780 1467 1848 solum
1500 1795 1618 1848 contra
1650 1785 1865 1868 scripturam,
1898 1785 1960 1850 sed
1988 1786 2085 1850 etiam
2112 1797 2233 1851 contra

230 1891 320 1940 noue
343 1893 466 1957 opera,
495 1871 787 1951 nouosaffecms,
808 1875 975 1952 timorem,
997 1869 1206 1937 dilectionem
1227 1861 1232 1906 ¹
1257 1871 1423 1936 sermonis
1446 1869 1728 1935 consuetudinem.
1772 1871 1859 1937 Hinc
1880 1871 2136 1948 ratiocinantur,
2154 1871 2232 1974 qula

230 1956 311 2036 Dei,
347 1959 458 2023 odium
491 1959 782 2043 concupiscentiae
804 1969 868 2022 etc.
923 1957 1017 2023 Haec
1050 1955 1134 2022 fides
1162 1958 1205 2021 de
1256 1975 1387 2022 merces
1408 1956 1613 2032 nominatur,
1641 1956 1741 2040 igitur
1768 1977 1871 2041 opera
1898 1969 2015 2022 nostra
2043 1967 2122 2021 sunt
2146 1975 2232 2022 erus·

229 2064 298 2130 qua
319 2043 483 2128 loquimur
505 2044 618 2108 existit
637 2044 670 2107 iu
692 2044 905 2127 poenitentia.
949 2042 991 2108 Et
1013 2045 1099 2108 inter
1118 2043 1205 2107 bona
1257 2043 1357 2119 modi,
1378 2059 1465 2126 quae
1482 2040 1626 2106 debeant
1648 2061 1726 2106 esso
1743 2044 1904 2125 precium,
1925 2063 1988 2126 pro
2005 2062 2073 2127 quo
2090 2041 2232 2106 debetur

230 2149 353 2216 opera,
386 2131 473 2194 inter
500 2130 700 2194 tentationes
730 2139 764 2193 et
786 2128 936 2212 pericula
958 2127 1149 2194 confirmari
1172 2137 1207 2192 et
1257 2131 1325 2194 vita
1359 2139 1505 2191 aeterna.
1572 2124 1658 2191 Sunt
1689 2127 1790 2212 igitur
1824 2129 1924 2214 digna
1956 2129 2065 2214 gratia
2096 2137 2131 2191 et
2162 2127 2233 2192 vita

230 2234 388 2282 crescere
409 2216 527 2292 debet,
560 2225 597 2280 vt
628 2215 769 2279 subinde
797 2215 920 2281 certius
943 2216 1032 2300 apud
1054 2233 1117 2278 nos
1138 2226 1205 2278 sta·
1256 2224 1412 2290 aeterna,
1439 2232 1504 2277 uec
1524 2212 1675 2297 indigent
1694 2213 1940 2292 misericordia,
1967 2225 2024 2280 aut
2051 2214 2233 2278 mediatore

229 2311 375 2379 mamus,
392 2303 483 2386 quod
500 2300 595 2366 Deus
614 2312 751 2386 propter
768 2299 937 2367 Christum
955 2301 1111 2383 respiciat
1129 2317 1206 2375 nos,
1257 2297 1412 2377 Christo,
1433 2310 1491 2364 aut
1511 2296 1594 2375 lide,
1616 2295 1721 2362 Plane
1742 2319 1833 2364 noua
1854 2312 1907 2364 est
1929 2299 2014 2365 haec
2036 2296 2233 2378 Dialectica,

229 2387 386 2472 ignoscat
407 2388 518 2464 uobis,
538 2387 693 2452 exaudiat
716 2405 790 2450 nos.
825 2385 920 2450 Haec
941 2406 1008 2450 non
1030 2386 1206 2450 discuntur
1256 2379 1456 2450 vocabulum
1476 2383 1627 2448 audimus
1648 2385 1826 2463 mercedis,
1846 2386 1947 2472 igitur
1968 2381 2049 2450 nihil
2071 2403 2157 2470 opus
2179 2396 2232 2451 est

229 2475 304 2538 aine
333 2474 462 2557 magnis
491 2484 525 2538 et
554 2471 666 2538 moltis
696 2471 948 2548 certaminibus,
984 2470 1125 2543 Quoties
1154 2489 1206 2533 re-
1256 2470 1443 2534 mediatore
1465 2467 1620 2546 Christo,
1649 2480 1706 2533 aut
1735 2469 1802 2536 fida
1823 2469 1968 2536 habente
1988 2489 2165 2536 accessum
2188 2471 2233 2534 ad

231 2559 336 2624 currit
357 2558 581 2633 conscientia,
602 2555 735 2640 quoties
757 2554 917 2620 sollicitat
937 2557 982 2621 ad
1002 2555 1205 2644 desperatio·
1228 2519 1241 2636 Ι,
1256 2553 1366 2620 Deum
1387 2565 1522 2639 propter
1533 2552 1710 2637 Christum,
1731 2575 1798 2620 non
1821 2567 1960 2666 propter
1980 2575 2084 2640 opera
2100 2567 2231 2621 nostra.

228 2663 321 2720 nem,
349 2643 607 2721 sumostendit,
635 2654 692 2705 aut
714 2651 827 2705 vetera
847 2652 1003 2724 peocma,
1024 2653 1082 2707 aut
1103 2661 1204 2718 noas,
1258 2640 1340 2713 Quis
1369 2658 1437 2704 non
1463 2639 1553 2705 videt
1585 2638 1671 2706 haec
1704 2660 1783 2706 esse
1815 2643 2026 2717 armaturea,
2059 2641 2131 2706 Nos
2164 2660 2232 2706 non

228 2738 287 2794 aut
307 2727 550 2794 immundiciem
571 2737 721 2792 naturae.
761 2727 835 2792 Hoc
857 2726 1117 2814 chirographum
1138 2745 1206 2790 non
1256 2727 1403 2794 namur
1425 2725 1468 2790 de
1488 2725 1657 2792 vocabulo
1679 2726 1855 2794 mercedis.
1905 2727 1959 2793 De
1980 2727 2045 2792 hac
2065 2745 2104 2792 re
2125 2723 2234 2813 litiga·

228 2811 359 2880 deletur
381 2815 454 2878 sina
475 2833 596 2900 magno
619 2833 741 2902 agone,
763 2815 819 2878 vbi
837 2824 979 2880 testatur
989 2812 1206 2898 experientia,
1257 2831 1349 2892 mus,
1370 2810 1490 2878 Vtrum
1512 2813 1602 2878 bona
1622 2832 1743 2897 opera,
1772 2833 1834 2897 per
1855 2833 1894 2880 se
1915 2815 1983 2880 sint
2004 2813 2105 2899 digna
2125 2811 2233 2900 gratia

228 2919 328 2986 quam
349 2897 496 2966 difficilis
517 2919 574 2964 res
596 2899 641 2964 sit
663 2899 759 2965 fides.
793 2897 836 2964 Et
856 2901 934 2965 dum
950 2899 1036 2964 inter
1059 2909 1205 2964 terrores
1257 2910 1291 2964 et
1311 2899 1381 2964 rita
1402 2910 1553 2976 aeterna,
1579 2919 1622 2964 an
1651 2919 1733 2965 uero
1760 2899 1919 2984 placeant
1944 2909 2070 2966 tantum
2094 2910 2234 2984 propter

228 2987 386 3072 erigimur
406 2997 439 3050 et
464 2983 729 3052 consolationem
758 2986 982 3070 concipimus,
1011 2982 1110 3050 simul
1134 3003 1206 3048 cre-
1256 2982 1357 3050 tidem
1380 3003 1466 3068 quae
1488 2982 1707 3069 apprehendit
1723 2987 1935 3052 mediatorem
1948 2984 2128 3050 Christum.
2163 2985 2233 3050 Ad·

227 3082 327 3135 scunt
352 3068 409 3156 aiij
437 3082 548 3136 motus
573 3089 590 3134 s
615 3068 776 3136 irituales.
831 3071 963 3138 Noticia
991 3068 1074 3152 Dei,
1107 3071 1207 3135 timor
1256 3069 1396 3154 uersarij
1424 3072 1530 3135 nostri
1557 3090 1626 3135 non
1653 3067 1762 3136 solum
1790 3072 1856 3136 hoc
1883 3073 2032 3136 tribuunt
2061 3070 2231 3156 operibus,

227 3153 305 3234 Dei,
328 3175 420 3240 spes,
443 3153 575 3221 dilectio
628 3156 671 3232 ei,
689 3166 722 3220 st
738 3175 987 3241 regeneramur,
1009 3166 1046 3220 vt
1063 3154 1206 3219 sitl'au·
1257 3155 1349 3241 quod
1370 3155 1438 3220 sint
1459 3155 1558 3239 digna
1579 3155 1688 3240 gratia
1709 3167 1741 3220 et
1763 3157 1830 3220 vita
1851 3167 2001 3234 aeterna,
2022 3157 2084 3221 sed
2101 3154 2232 3240 lingunt

227 3237 295 3318 lus,
317 3242 578 3326 adagnitionem
594 3238 672 3318 Dei,
696 3250 729 3304 et
743 3241 908 3306 intuentes
920 3237 1060 3326 gloriam
1071 3239 1205 3304 Domini
1257 3241 1374 3318 etiam,
1407 3239 1497 3324 quod
1524 3241 1643 3306 merito
1671 3243 1841 3325 supersint
1869 3242 1950 3320 sibi,
1983 3262 2072 3326 quae
2103 3242 2232 3306 donare

227 3324 504 3394 transformamur
523 3328 555 3392 in
580 3327 721 3392 eandem
742 3326 930 3410 imaginem,
951 3326 986 3389 id
1008 3337 1072 3404 est,
1095 3324 1206 3390 eonci-
1255 3322 1351 3410 alijs,
1382 3336 1415 3390 et
1441 3323 1623 3390 iustificare
1643 3322 1728 3390 alios
1752 3339 1893 3410 queant,
1920 3337 1958 3391 rt
1978 3345 2053 3392 oum
2074 3324 2232 3392 Monachi

226 3413 335 3500 pimus
356 3432 470 3480 reram
491 3414 647 3479 noticiam
666 3412 799 3489 Dei,·vt
819 3431 900 3476 rere
919 3411 1095 3476 timeamus
1117 3429 1204 3489 eum,
1256 3429 1393 3476 suorum
1422 3410 1574 3476 ordinum
1600 3409 1718 3476 merita
1743 3414 1891 3480 vendunt
1917 3409 2010 3498 alijs,
2040 3411 2133 3478 ilaec
2154 3431 2233 3496 por-

117 3507 122 3526 *
227 3519 308 3566 vere
329 3499 537 3564 confidamus
564 3517 627 3562 nos
650 3517 704 3562 res
730 3497 791 3576 ici,
819 3515 883 3562 nos
909 3497 1067 3561 exaudiri.
1113 3493 1207 3561 Haeo
1257 3506 1349 3562 tenta
1371 3493 1581 3582 Chrysippeo
1603 3517 1696 3562 more
1719 3508 1942 3577 coacemant,
1970 3499 2035 3564 bac
2057 3518 2124 3564 vna
2146 3515 2233 3564 roca
2291 3567 2294 3572 ,

229 3585 439 3736 tratti
461 3595 515 3733 ‘si‘
527 3519 1207 3746 0“tiit‘'l‘’titsttffl'htitts
1256 3581 1593 3733 iilhffiiff‘fi‘it,
1610 3581 1979 3735 bimaitis
2007 3584 2232 3735 *sititis

229 3687 1207 3924 rmtunnimmitunt}
1256 3686 1749 3924 stultitiarum?
1756 3692 1940 3906 rari
1974 3691 2232 3924 turm

521 3884 529 3911 r
946 3883 957 3916 9
1711 3888 1718 3904 ·
1783 3879 1794 3903 ι

230 3946 310 3994 cara
334 3926 495 3993 candidus
517 3922 625 3989 lector
645 3935 771 4009 potest,
791 3943 855 3988 nos
875 3925 1018 3988 maxime
1037 3923 1207 4008 requirere
1256 3919 1378 3986 babeat
1399 3923 1534 4003 merita,
1556 3923 1568 3986 Ι
1595 3924 1660 3988 'tur
1681 3925 1875 4009 quibusdam
1899 3935 2080 4010 supersunt
2102 3926 2228 3990 memte.

228 4013 319 4078 bona
343 4031 457 4096 opera,
478 4010 640 4094 siquidem
662 4006 751 4074 hanc
772 4007 871 4074 fidem
894 4009 1052 4074 docemus
1072 4009 1106 4072 in
1127 4027 1206 4092 poe-
1257 4005 1299 4074 Et
1320 4003 1406 4073 haec
1426 4011 1543 4074 merita
1588 4027 1691 4074 unare
1712 4005 1788 4096 alijs
1808 4021 1970 4094 possunt,
1997 4011 2052 4074 isti
2102 4011 2136 4076 ui
2161 4028 2230 4074 me-

227 4097 366 4164 nitentia
394 4095 556 4172 existere,
588 4106 623 4161 et
657 4095 779 4160 debera
812 4094 954 4160 subinde
987 4112 1142 4160 crescere
1169 4094 1205 4156 in
1255 4105 1382 4172 rentur,
1403 4091 1505 4159 Mane
1526 4091 1646 4172 lector,
1666 4097 1812 4161 noudum
1834 4094 1940 4161 habes
1961 4104 2066 4160 totum
2080 4031 2229 4160 genten.

226 4184 442 4271 poenitentia,
463 4181 507 4246 Et
527 4183 561 4246 iu
582 4178 636 4246 bis
660 4183 761 4248 rebus
783 4178 1024 4267 perlectionem
1042 4177 1204 4245 Christia-
1255 4179 1419 4245 Addenda
1440 4189 1519 4244 sunt
1541 4180 1626 4244 anim
1648 4189 1740 4246 certa
1765 4190 1974 4246 sacramenta
2002 4180 2100 4247 huius
2126 4181 2229 4246 dona·

226 4289 321 4348 uam,
354 4279 387 4334 ct
417 4263 621 4352 spiritualem
654 4266 826 4349 ponimus,
861 4265 897 4330 Si
929 4261 1027 4331 simul
1050 4277 1206 4330 crescant
1255 4266 1367 4343 tionis,
1389 4265 1529 4330 mortuis
1551 4265 1696 4331 induitur
1718 4263 1872 4333 cucullus
1893 4277 1957 4334 etc.
1990 4263 2128 4332 Talibus
2151 4286 2229 4332 coa·

225 4353 509 4506 1,’,“ἒῗὲἶὲ“’ἐ“”1·ἶι
521 4351 682 4504 1111
704 4347 1204 4505 iii¹t⁰lll’‘a{¹“3hllli¹¹li¹
1255 4350 2122 4504 ttttttttbttiffitii‘htitt’atterit
2139 4351 2229 4504 ,filil

225 4527 334 4597 dona,
362 4460 659 4608 aufherpfecaone'
680 4459 768 4607 dipud
790 4459 1006 4590 aduersu-toa
1028 4457 1202 4590 dooenllur.
1254 4523 1297 4587 de
1324 4517 1492 4588 vocabulo
1522 4525 1698 4588 mercedis.
1747 4522 1785 4588 Si
1814 4523 2001 4589 concedent
2027 4463 2228 4611 αᾱοιιγοζεέήῇ,

225 4609 322 4677 Sicut
343 4622 454 4676 autem
476 4607 665 4676 iustificatio
686 4610 730 4674 ad
753 4609 849 4676 iidem
871 4611 1030 4694 pertinet,
1058 4609 1105 4674 ita
1127 4627 1204 4692 per·
1253 4608 1343 4694 quod
1361 4607 1428 4673 lide
1445 4619 1582 4694 propter
1593 4607 1762 4676 Christum
1773 4609 1849 4674 iusti
1860 4618 2063 4693 reputemur,
2086 4621 2121 4675 et
2137 4609 2229 4695 quod

225 4700 308 4763 dnet
329 4696 373 4761 ad
395 4694 495 4761 fidem
517 4697 587 4761 vita
607 4705 754 4761 aeterua.
790 4694 834 4760 Et
855 4695 974 4760 Petrus
997 4697 1055 4772 ait,
1075 4692 1203 4778 Rapor·
1253 4695 1343 4759 bom
1363 4711 1467 4777 opera
1488 4706 1625 4779 propter
1641 4693 1741 4760 iidem
1758 4691 1911 4778 placeant
1921 4691 2011 4772 Deo,
2032 4696 2075 4760 de
2095 4696 2228 4760 nomina

223 4793 335 4849 untes
366 4781 467 4847 linem
499 4800 560 4847 seu
593 4778 736 4848 aucum
763 4780 842 4847 fidei
875 4793 1027 4857 restrae,
1060 4776 1202 4844 salutem
1224 4747 1229 4806 Ι
1251 4779 1417 4846 mercedis
1438 4789 1560 4862 postca
1575 4777 1957 4848 uonvalderinabimur.
1989 4781 2062 4846 Nos
2083 4777 2228 4846 fatemur

223 4869 415 4934 animarum.
459 4865 620 4933 Fateatur
646 4868 733 4932 enim
759 4866 964 4948 aduersarii,
992 4866 1083 4952 quod
1110 4865 1201 4929 lusti·
1251 4868 1351 4932 vitan
1373 4875 1544 4930 aeternam
1566 4866 1752 4932 mercedem
1774 4885 1863 4943 esse,
1884 4865 2228 4953 quiaestresdebita,

222 4949 312 5022 ficati
341 4955 409 5020 sint
437 4948 496 5037 filij
520 4950 603 5031 Dei,
636 4964 671 5018 et
696 4951 881 5019 coheredes
903 4936 1044 5030 Christi,
1076 4947 1202 5016 Postea
1250 4961 1388 5101 gropter
1409 4951 1683 5034 promissionem,
1711 4970 1780 5017 non
1801 4963 1940 5039 propter
1961 4961 2077 5017 nosue
2098 4951 2226 5018 merita.

223 5059 246 5108 o
289 5061 343 5126 ra,
365 5039 449 5126 quia
469 5034 605 5123 placant
626 5037 702 5104 Deo
728 5050 867 5124 propter
887 5037 1003 5116 iidem,
1032 5047 1202 5102 merentur
1276 5047 1313 5139 st
1334 5035 1422 5102 enirn
1442 5038 1607 5122 promissa
1628 5035 1837 5118 iustificatio,
1867 5059 1966 5188 (ΕΜ
1989 5057 2093 5123 supra
2115 5048 2228 5104 osten·

222 5126 292 5192 aia
313 5127 439 5212 premia
466 5122 653 5210 corporalia
682 5135 716 5189 et
742 5121 941 5210 spiritualia·
984 5120 1090 5188 Erunt
1113 5122 1202 5188 euim
1252 5122 1372 5202 dimus,
1394 5124 1527 5208 proprie
1549 5123 1761 5190 essedorum
1772 5120 1849 5202 Dei,
1934 5120 2013 5189 buic
2033 5123 2123 5189 douo
2144 5141 2227 5189 con·

223 5211 413 5280 discrimina
432 5209 562 5300 glorim
583 5220 787 5278 sanctorum.
1251 5208 1365 5275 iuncta
1392 5219 1446 5300 est
1478 5210 1656 5294 promissio
1689 5209 1780 5277 vitae
1811 5219 1988 5290 aeternae,
2018 5209 2110 5278 iuxta
2130 5206 2228 5278 illud.
