4920 5672
213 303 278 372 rar
663 283 1775 375 ramanuscmrrrrcocurrrornrsruuouroa
2158 285 2228 398 lah

1369 437 1375 466 l
1855 445 1862 459 ι

212 502 300 573 stus,
321 503 358 558 vt
379 492 526 558 traderet
541 473 643 579 leges
665 491 840 579 quasdam,
862 513 924 578 per
946 500 1030 587 quas
1053 511 1193 560 merere·
1244 511 1349 575 opere
1370 502 1533 578 quaerunt
1555 505 1588 557 et
1609 489 1790 572 carnalem,
1814 505 1850 559 vt
1875 495 2101 582 aequoream.
2152 495 2227 565 lice

213 599 287 645 mur
325 577 553 644 remissionom
593 591 822 663 pcccatorum,
857 601 925 644 non
964 580 1192 664 acciperemus
1243 596 1412 663 nunquam
1434 579 1588 643 senciurrt
1608 598 1647 644 se
1665 579 1706 643 de
1729 578 1897 668 condigno
1920 580 2052 662 mereri,
2071 593 2105 647 et
2126 588 2227 648 ruunt
2271 611 2275 622 ¹

213 665 321 750 gratis
349 675 488 750 propter
513 665 618 749 ipsius
645 666 771 730 merita.
816 665 931 750 ltaque
958 665 987 729 si
1014 667 1192 752 recipimus
1243 665 1277 728 in
1304 663 1588 812 desperationem,
1620 666 1685 740 nisi
1714 666 1850 730 audiant
1878 679 2011 751 praeter
2038 671 2225 750 doctrinam

212 751 269 815 hic
290 751 559 815 aduersariorum
582 750 776 830 docuinam,
797 753 884 836 quod
908 771 1092 818 mereamur
1115 771 1192 836 ope·
1243 747 1343 834 legis,
1394 747 1582 836 nangelium
1604 751 1646 816 de
1668 752 1813 837 gratuita
1839 754 2038 819 remissione
2069 765 2227 840 peceato·

212 837 304 901 ribus
328 836 467 900 rationis
489 837 718 900 remissionem
741 847 956 918 peccatorum
984 849 1017 901 et
1038 833 1193 902 iustifica·
1243 854 1327 913 rum,
1349 845 1383 899 et
1404 836 1529 901 iustitia
1551 834 1638 902 fidei.
1935 909 1938 918 ‚

1331 919 1379 985 lta
1399 917 1478 984 nihil
1505 921 1629 985 docent
1653 923 1858 1005 aduersarij,
1887 924 1952 988 nisi
1975 923 2139 991 iusticiam
2170 944 2227 989 re·

1243 1005 1355 1084 tionis,
1378 1019 1436 1071 aut
1457 1019 1549 1071 certe
1568 1003 1655 1092 legis
1677 1009 1710 1071 in
1734 1029 1832 1092 quam
1855 1009 2043 1088 intuentur,
2065 1011 2154 1075 sient
2176 1010 2225 1075 ln·

298 1091 496 1178 Quanquam
517 1093 700 1174 aduersarij
713 1113 757 1156 rre
767 1091 937 1159 Christum
949 1097 1082 1159 omnino
1099 1111 1193 1179 pree·
1243 1091 1317 1156 daci
1340 1092 1374 1154 in
1394 1088 1536 1156 velatum
1557 1089 1656 1158 Moisi
1677 1089 1817 1172 faciem,
1844 1105 1878 1159 et
1904 1095 1939 1159 irr
1969 1097 2098 1161 securis
2121 1095 2224 1182 hypo·

212 1191 353 1258 terebat,
376 1180 547 1264 requirunt
569 1179 724 1242 noticiam
745 1177 905 1256 historiae
928 1181 969 1244 dc
991 1179 1140 1258 Christo,
1160 1190 1192 1243 et
1244 1177 1349 1256 oritis,
1370 1179 1426 1262 qui
1446 1183 1564 1261 putant
1586 1175 1715 1265 selegi
1738 1175 1947 1261 satisfecere,
1970 1183 2224 1266 excitentprao-

211 1266 360 1331 tribuunt
383 1265 424 1343 ei,
448 1265 538 1350 quod
561 1265 716 1330 meruerit
736 1266 833 1330 nobis
856 1266 928 1330 dari
947 1267 1111 1352 quendam
1133 1263 1192 1328 ha·
1243 1262 1465 1347 sumptionem
1492 1274 1526 1328 et
1551 1265 1683 1330 inanem
1711 1262 1865 1330 fiduciam
1893 1285 2045 1350 opernm,
2079 1277 2114 1331 et
2146 1286 2226 1333 corr·

212 1353 328 1429 bitum,
350 1351 422 1413 siue
443 1360 480 1413 vt
500 1351 565 1434 ipsi
580 1360 722 1426 ¹vocant,
768 1351 882 1416 rimam
905 1352 1064 1436 gratiam,
1093 1369 1192 1435 quam
1243 1349 1539 1432 temptumgratice
1561 1347 1694 1413 Christi.
1728 1347 1877 1415 licentra
1894 1351 2035 1434 pauidas
2053 1353 2225 1419 conscien-

211 1433 399 1522 intelligunt
419 1432 568 1500 hobitum
590 1455 669 1502 esse
684 1371 910 1514 inclinantem,
929 1434 1108 1502 vtl'acilius
1120 1431 1192 1500 dili·
1244 1435 1308 1499 tias
1329 1434 1466 1520 adigunt
1486 1437 1529 1500 ad
1552 1435 1829 1518 desperationem,
1847 1456 1933 1521 quae
1949 1449 2127 1520 operantes
2149 1457 2226 1504 cunr

211 1543 330 1610 gamus
347 1519 465 1586 Deum.
493 1519 658 1608 Exiguum
671 1533 781 1586 tamen
793 1533 857 1600 est,
870 1522 959 1606 quod
967 1521 1044 1587 huic
1065 1520 1193 1586 habitui
1243 1520 1460 1598 dubitatione,
1481 1540 1651 1606 nunquam
1673 1532 1816 1604 possunt
1827 1523 1970 1606 experiri
1981 1523 2061 1610 quid
2072 1524 2116 1588 sit
2127 1521 2223 1599 fides,

188 1609 372 1686 tribuunt,
396 1607 473 1692 quia
496 1605 627 1694 lingunt
656 1619 753 1673 ectus
782 1605 962 1672 voluntatis
990 1619 1069 1672 ante
1097 1606 1215 1672 habi·
1243 1616 1277 1669 et
1298 1625 1396 1690 quam
1423 1605 1467 1668 sit
1493 1603 1632 1684 ellicus,
1660 1607 1706 1672 lta
1730 1607 1774 1672 ad
1802 1618 1984 1674 mercum
2011 1609 2145 1693 penitus
2168 1609 2248 1674 de·⁴

211 1691 412 1771 tumillum,
435 1703 569 1776 etpost
595 1690 689 1757 illam
717 1690 862 1766 habitum
892 1693 1040 1758 eiusdem
1067 1689 1193 1776 speciei
1243 1703 1391 1776 sperant.

212 1799 302 1858 esee,
322 1778 383 1842 Fin
409 1789 467 1843 urrt
487 1775 692 1846 voluntatem
715 1799 817 1863 posse
835 1777 974 1863 diligere
987 1776 1109 1855 Deum,
1131 1778 1192 1843 sed
1328 1775 1400 1840 Nos
1429 1785 1540 1843 autern
1567 1775 1610 1842 de
1637 1776 1769 1842 iusticia
1794 1778 1931 1844 rationis
1966 1777 2017 1845 sic
2052 1781 2225 1864 sentirem,

211 1863 347 1932 habitus
368 1799 427 1928 ille
449 1879 558 1928 tamen
580 1864 762 1943 extimulat,
785 1877 820 1930 vt
840 1865 929 1929 idem
961 1861 1065 1929 faciat
1078 1865 1131 1940 22)
1153 1861 1193 1928 li·
1242 1861 1333 1950 quod
1350 1859 1445 1940 Deus
1467 1862 1613 1946 requirat
1634 1881 1727 1942 earn,
1750 1874 1783 1928 et
1804 1864 1895 1966 (prod
1923 1875 2062 1949 propter
2091 1865 2224 1932 manda·

211 1953 355 2017 bentius.
399 1948 441 2013 sst
468 1948 581 2014 iubent
610 1953 729 2016 mereri
759 1947 1023 2015 hunc'habitum
1053 1951 1192 2036 primum
1243 1958 1311 2014 turn
1344 1944 1410 2012 Dei
1442 1949 1636 2014 necessario
1669 1948 1736 2012 sint
1764 1945 1918 2015 socienda
1949 1949 2093 2014 honesta
2121 1969 2225 2034 opera

211 2055 273 2123 per
293 2034 527 2123 praecedentia
543 2038 679 2116 merita·
696 2038 815 2102 deinde
835 2037 950 2100 iubent
972 2037 1091 2101 mereri
1115 2055 1192 2120 ope·
1243 2052 1329 2119 quae
1351 2030 1537 2118 decalogus
1560 2034 1732 2118 praecipit,
1753 2033 1844 2099 iuxta
1866 2033 1961 2114 illud,
1978 2035 2050 2100 Lex
2071 2045 2125 2100 est
2147 2055 2225 2119 pee-

211 2125 304 2190 ribus
337 2120 424 2208 legis
456 2121 694 2188 lucrementum
723 2121 826 2188 illius'
843 2119 995 2194 habitus,
1025 2134 1058 2186 et
1091 2122 1193 2187 vitam
1243 2121 1408 2204 degogus.
1453 2117 1534 2185 ltern
1551 2115 1607 2183 lex
1634 2131 1686 2183 cst
1714 2121 1844 2184 iniustis
1895 2121 1993 2185 osita.
2039 2117 2118 2186 Vult
2140 2121 2226 2187 enim
2308 2123 2311 2128 ’

211 2220 392 2274 aeternam.
425 2207 474 2273 lte
495 2207 661 2292 sepeliunt
683 2207 862 2285 Christum,
882 2226 925 2272 ne
947 2226 988 2271 eo
1011 2205 1192 2272 mediatore
1242 2201 1338 2269 Deus
1360 2202 1533 2269 coherceri
1557 2202 1711 2269 carnales
1732 2202 1791 2268 illa
1814 2141 1904 2272 ciuili
1921 2203 2110 2291 disciplina,
2126 2204 2226 2273 Eted

211 2306 347 2362 utentur
367 2293 532 2372 homines,
554 2305 587 2358 et
605 2307 741 2380 propter
762 2295 868 2380 ipsum
887 2294 1040 2360 senciant
1058 2313 1097 2357 se
1119 2311 1193 2442 qra-
1216 2269 1220 2343 l
1242 2289 1331 2354 harre
1354 2291 1618 2356 conseruandam
1641 2289 1733 2356 dedit
1753 2288 1863 2377 leges,
1886 2287 2017 2373 literas,
2041 2291 2227 2360 doctrinam

212 923 346 1000 tionem,
367 918 448 986 nihil
475 922 539 986 iam
566 921 716 985 intererit
742 923 828 986 inter
856 922 1023 987 iusticiam
1048 918 1193 1006 philoso-

211 1009 356 1093 phicam,
378 1017 436 1072 aut
459 1019 549 1072 certe
572 1005 810 1085 Pharisaicum,
834 1019 866 1072 et
888 1006 1121 1074 Christianam.
1216 977 1220 1034 Ι

77 2409 87 2424 ·
211 2381 255 2446 tis
277 2381 435 2464 accipere
456 2379 686 2446 remissionem
707 2391 924 2466 peccatorum
943 2390 977 2444 et
998 2379 1193 2444 reconcria·
1244 2375 1540 2460 magistratus‚²⁴)
1562 2393 1701 2460 poenas.
1746 2373 1790 2440 Et
1816 2381 1997 2460 potest²⁵)
2020 2377 2107 2443 hanc
2133 2379 2227 2444 iusti·

211 2469 350 2537 tionem,
378 2466 440 2531 sed
466 2464 632 2531 somnient
655 2486 696 2532 se
724 2465 860 2552 propria
886 2461 1083 2550 implecione
1104 2462 1193 2613 lepis
1244 2462 1329 2528 ciam
1362 2473 1529 2547 utcunque
1557 2461 1641 2526 ratio
1675 2461 1746 2526 suis
1780 2461 1908 2528 viribus
1935 2457 2093 2542 efficere,
2122 2483 2227 2548 quen·

209 2553 331 2618 mereri
349 2553 578 2617 remissionem
601 2565 833 2635 peccatorum,
856 2563 890 2615 et
916 2551 1052 2635 proprie
1078 2551 1145 2634 lmp
1160 2567 1192 2614 e·
1243 2568 1343 2636 quarn
1365 2565 1468 2630 saepe
1494 2546 1637 2612 vincitur
1664 2544 1892 2613 imbecillitate
1907 2551 1962 2626 ²⁶)
1996 2547 2159 2628 natarali,
2192 2559 2227 2615 et

211 2639 302 2704 tione
322 2634 408 2724 legis
433 2658 544 2703 coram
566 2629 643 2703 Deo
666 2639 774 2704 iustos
796 2637 962 2722 reputari,
984 2657 1059 2700 curn
1082 2647 1191 2702 tamen
1243 2631 1433 2718 impellente
1469 2629 1604 2697 diabolo
1639 2633 1682 2696 ed
1715 2630 1942 2698 manifestall
1988 2633 2062 2699 icis.
2114 2634 2227 2710 Quan-

209 2722 278 2812 legi
299 2742 468 2810 nunquam
490 2721 651 2803 satisfiat,
672 2747 746 2788 cum
774 2725 859 2789 ratio
882 2719 963 2786 nihil
984 2719 1099 2794 faciat,
1128 2721 1194 2786 nisi
1245 2737 1344 2804 quem
1366 2729 1475 2784 eutem
1496 2719 1574 2785 huic
1596 2717 1751 2784 iusticlee
1776 2721 1916 2786 rationis
1943 2718 1967 2785 ll
1992 2731 2086 2785 enter
2113 2721 2227 2786 tribui·

211 2808 374 2896 quaedam
397 2805 506 2874 ciuilia
528 2828 642 2894 opera,
665 2809 798 2874 Interim
815 2827 923 2896 neque
943 2805 1057 2872 timeat
1072 2803 1194 2886 Deum,
1244 2823 1318 2868 mus
1335 2823 1417 2870 suas
1435 2800 1564 2883 laudes,
1585 2799 1720 2870 Nullum
1740 2805 1827 2870 enim
1846 2805 1953 2872 maius
1976 2807 2100 2872 bonurn
2122 2803 2226 2872 hebet

211 2915 321 2982 neque
342 2913 424 2961 vere
452 2897 568 2960 credat
596 2913 635 2960 se
660 2892 736 2960 Deo
766 2915 865 2962 corae
888 2913 976 2959 esse.
1020 2891 1064 2958 Et
1091 2913 1193 2979 quan-
1243 2887 1331 2955 haec
1351 2900 1469 2954 natura
1491 2901 1658 2976 corrupto.
1702 2889 1744 2954 Et
1765 2900 1858 2956 recte
1878 2891 1984 2976 inquit
2009 2888 2225 2972 Aristoteles,

235 3001 312 3046 uam
334 2981 377 3046 de
398 2981 514 3046 habitu
535 2978 594 3044 illo
617 2979 808 3068 loquuntur,
827 2993 936 3046 tamen
960 2981 1033 3045 sine
1060 2977 1194 3045 iusticia
1244 2995 1352 3060 neque
1384 2974 1588 3059 Hesperum,
1621 2994 1729 3062 neque
1763 2973 1953 3044 Luciferum
1990 2973 2226 3044 formosiorem

211 2999 307 3145 adei,
339 3085 448 3152 neque
483 3067 627 3132 existere
659 3066 792 3133 dilectio
824 3064 891 3131 Dei
923 3067 957 3132 in
993 3064 1194 3146 hominibus,
1245 3079 1322 3127 esee
1344 3061 1486 3127 iusticia.
1529 3058 1582 3128 Ac
1607 3058 1704 3128 Deus
1731 3062 1830 3128 etiarn
1858 3063 2021 3140 ornat²⁷)
2049 3083 2123 3129 carn
2151 3081 2225 3128 cor·

211 3173 321 3240 neque
344 3154 423 3242 qnid
445 3154 489 3218 sit
512 3149 645 3220 dilectio
667 3151 752 3234 Dei,
774 3149 916 3240 intelligi
936 3163 1058 3237 potest.
1216 3143 1418 3266 'puralibas
1440 3149 1615 3231 praemijs,
1642 3157 1755 3214 temen
1781 3166 1850 3213 non
1877 3149 1977 3216 debet
2008 3167 2084 3220 oum
2112 3159 2226 3216 contu·

144 3317 154 3330 ·
299 3239 341 3304 Et
362 3239 452 3326 quod
474 3239 603 3328 fingunt
626 3241 803 3306 discrimen
832 3241 918 3304 inter
940 3235 1093 3304 meritum
1115 3251 1193 3304 corr·
1244 3230 1343 3299 melia
1367 3230 1491 3299 Christi
1512 3231 1654 3302 laudari.

275 3325 298 3404 i,
320 3335 354 3390 et
375 3327 527 3391 meritum
548 3328 724 3414 condigni,
752 3323 870 3391 ludunt
899 3334 1044 3404 tanturn,
1074 3345 1117 3390 rre
1145 3323 1193 3390 vi-
1333 3318 1474 3387 Falsum
1492 3330 1545 3385 est
1566 3321 1670 3400 enirn,
1700 3320 1791 3405 quod
1811 3340 1873 3406 per
1895 3341 1999 3406 opera
2019 3329 2137 3388 metra
2157 3341 2225 3388 me·

211 3345 354 3476 {gamm
375 3421 489 3495 aperte
510 3415 735 3494 πελαγιανίζειν.
770 3411 857 3477 Nem
879 3411 909 3475 si
919 3408 1014 3476 Deus
1036 3428 1193 3476 necessa·
1243 3425 1377 3474 reamur
1397 3405 1628 3474 remissionem
1648 3416 1876 3491 peccaturum.

211 3497 263 3561 rio
282 3497 339 3561 dat
358 3495 499 3582 gratiam
526 3516 588 3600 pro
619 3498 735 3564 merito
764 3495 921 3583 congrui,
947 3497 1015 3560 iarn
1044 3513 1112 3560 non
1141 3506 1194 3560 est
1302 3517 1306 3570 ¹,
1330 3489 1466 3558 Falsum
1485 3502 1540 3556 est
1566 3503 1600 3556 et
1625 3489 1709 3569 hoc,
1737 3490 1829 3575 quod
1855 3491 2008 3558 homines
2030 3501 2227 3578 reputentur

83 3603 84 3608 ¹
211 3583 362 3648 meritum
396 3601 552 3666 congrur,
586 3583 648 3646 scd
681 3584 832 3648 meritum
862 3579 1029 3666 condigni.
1080 3579 1193 3655 Quan-
1245 3595 1324 3644 esse
1344 3577 1423 3643 iusti
1446 3593 1558 3642 coram
1581 3574 1667 3656 Deo,
1690 3587 1825 3662 propter
1846 3577 2010 3644 iusticiam
2030 3578 2180 3644 rationis.

235 3667 412 3754 namquid
435 3667 646 3752 dicant,non
669 3668 792 3734 vident.
827 3667 911 3733 Post
932 3665 1078 3731 habitum
1101 3663 1194 3732 illum
1331 3661 1467 3728 Falsum
1489 3671 1542 3726 est
1562 3672 1597 3727 et
1612 3661 1690 3742 hoc,
1712 3663 1802 3747 quod
1822 3664 1908 3728 ratio
1929 3663 2074 3750 proprijs
2097 3663 2225 3728 viribus

210 3687 399 3821 ltlectronts
419 3751 723 3840 fingunthominem
741 3755 782 3818 dc
795 3753 963 3840 condigno
982 3751 1111 3817 mereri.
1126 3755 1193 3832 ²²⁸)
1267 3751 1351 3815 ossit
1385 3747 1496 3815 Deum
1529 3765 1632 3832 supra
1656 3749 1766 3814 omnia
1794 3745 1951 3837 diligere,
1976 3760 2010 3814 et
2031 3746 2140 3836 legem
2159 3745 2227 3816 Dei

212 3837 256 3905 Et
273 3851 382 3906 tamen
398 3841 513 3906 iubent
530 3839 698 3920 dubitare,
721 3851 830 3906 utrum
850 3841 939 3906 adsit
964 3837 1108 3919 habitus,
1123 3837 1192 3916 Μὴ)
1217 3881 1222 3922 ,
1279 3855 1366 3912 cere,
1388 3829 1557 3912 videlicet,
1576 3851 1656 3898 vere
1672 3834 1789 3899 timere
1807 3825 1940 3914 Deum,
1961 3853 2042 3900 vore
2064 3845 2226 3914 statuere,

211 3925 389 4000 Quomodo
410 3928 510 4016 igitur
539 3925 664 4004 sciunt,
694 3937 803 3991 rtrum
826 3925 869 3991 de
899 3945 1049 4012 congruo
1076 3945 1120 3989 an
1150 3922 1193 3988 de
1243 3923 1334 4010 quod
1354 3919 1448 3986 Deus
1471 3919 1643 3997 exaudiat,
1665 3914 1754 3986 velle
1784 3921 1921 3987 obedire
1944 3919 2020 3986 Deo
2046 3921 2083 3985 lu
2105 3931 2226 3999 morte,

213 4013 382 4100 condigno
410 4023 610 4079 mereantur.
654 4009 721 4078 Sed
750 4024 822 4078 tota
850 4009 938 4078 haec
962 4031 1017 4076 res
1048 4007 1193 4077 conficta
1244 4019 1278 4074 et
1316 4004 1393 4090 elijs
1432 4005 1695 4072 ordinationibus
1733 4001 1810 4074 Dei.
1863 4003 1940 4071 Non
1980 4007 2225 4092 concupiscere
2293 4037 2300 4048 ·

212 4109 267 4164 est
288 4101 330 4166 ab
353 4100 477 4167 ociosis
500 4097 707 4177 hominihus,
729 4098 784 4184 qni
806 4118 874 4164 rrorr
895 4107 1034 4176 norant,
1056 4115 1193 4184 quomo·
1242 4091 1352 4160 aliena
1372 4103 1437 4164 etc.
1460 4091 1522 4156 etsi
1546 4088 1654 4157 ciuilia
1676 4111 1779 4175 opere
1791 4087 1927 4157 efficere
1938 4092 2023 4159 ratio
2034 4101 2155 4179 potest.
2170 4093 2225 4170 28)

144 4177 149 4190 ’
212 4185 257 4251 do
281 4187 452 4272 contingat
473 4185 626 4249 remissio
648 4198 879 4269 peccatorum,
908 4195 942 4248 et
986 4183 1130 4248 uomodo
1159 4179 1192 4246 ln
1329 4173 1466 4250 Falsum
1486 4187 1540 4241 est
1560 4187 1594 4243 et
1614 4176 1682 4242 lroc
1701 4190 1735 4244 et
1762 4175 2040 4244 contumeliosum
2066 4179 2100 4244 in
2128 4174 2225 4244 Clrri·

214 4269 334 4336 iudicio
355 4269 431 4351 Dei,
454 4281 487 4336 et
510 4271 694 4336 terroribus
719 4203 1092 4351 eonscientiae,(hducia
1114 4286 1193 4352 ope·
1243 4275 1348 4343 stam,
1370 4264 1465 4414 δυσί)
1495 4281 1562 4326 uon
1591 4273 1733 4348 peccent
1759 4262 1911 4329 homiues
1937 4259 2099 4330 facientes
2128 4281 2225 4348 prae·

213 4375 288 4421 rum
309 4358 407 4420 nobis
430 4357 628 4422 excutiatur.
673 4353 790 4420 Securi
804 4357 857 4438 ²⁸)
886 4352 1083 4442 hypocritae
1108 4369 1194 4419 seme
1244 4360 1342 4436 cepte
1386 4350 1436 4414 ¹ei
1468 4348 1543 4414 sine
1574 4349 1693 4434 gratie.
1737 4347 1843 4414 liuius
1864 4361 2002 4416 nostrae
2028 4348 2228 4414 sentenciae

259 4461 275 4503 r
296 4441 443 4507 iudicant
465 4461 503 4507 se
525 4441 568 4506 de
591 4443 759 4528 condigno
772 4441 914 4522 mereri,
935 4439 1008 4506 siue
1026 4440 1114 4506 adsit
1134 4436 1193 4504 he·
1242 4435 1430 4502 testimonia
1450 4432 1630 4506 habemus,
1658 4454 1727 4500 non
1754 4431 1864 4501 solam
1895 4453 1939 4501 ex
1967 4435 2154 4520 scripturis,
2167 4437 2225 4512 ²⁹)

213 4459 304 4592 hietas
325 4523 400 4605 illc,
425 4528 498 4592 siue
526 4547 594 4592 non
622 4528 726 4604 adsit,
760 4527 836 4612 quie
867 4523 1064 4593 naturaliter
1090 4523 1193 4592 conli-
1243 4521 1422 4588 sedetiam
1444 4539 1487 4585 ex
1509 4517 1675 4587 Patribus.
1718 4519 1803 4586 Nam
1826 4521 2037 4610 Augustinus
2064 4520 2228 4606 copiosis·

213 4611 298 4677 dunt
318 4611 471 4678 homines
493 4613 628 4698 propria
650 4611 790 4684 iusticia,
802 4612 864 4677 sed
882 4609 1107 4679 conscientiae
1119 4629 1193 4696 per·

215 4697 415 4767 terrtffectae
435 4699 606 4785 ambigunt
631 4711 665 4764 et
695 4699 864 4780 dubitant,
892 4710 927 4764 et
954 4697 1095 4764 subinde
1127 4691 1193 4762 alra
1457 4743 1462 4752 .
1577 4735 1580 4740 ,

808 4833 813 4842 ,
1244 4797 1291 4865 et)
1311 4796 1457 4846 doctricem
1473 4793 1659 4860 mulcentem]
1677 4795 1728 4846 Ed.
1745 4795 1786 4846 &a
1804 4795 1962 4858 doctrinan,
1978 4793 2156 4861 wana.

884 4945 888 4966 Ι
1175 4942 1178 4950 ,
1245 4881 1291 4950 ld)
1310 4879 1407 4949 petest]
1425 4883 1477 4933 Ed.
1494 4885 1521 4934 3.
1538 4891 1590 4952 tpp.
1606 4897 1672 4936 emt
1689 4888 1750 4946 post

215 4973 263 5038 st)
281 4971 371 5040 notu]
389 4973 438 5026 ue.
456 4975 482 5026 4.
500 4979 552 5042 cyp
571 4987 636 5026 em
655 4972 718 5024 acu
850 5004 856 5014 .
896 4969 899 4978 ’
1194 4956 1197 4973 ’
1245 4969 1293 5035 aa)
1311 4967 1501 5036 incentrice]
1519 4969 1570 5022 uu.
1588 4967 1629 5018 aa
1647 4966 1823 5018 imbecillitati

216 5058 280 5125 tta)
298 5059 479 5126 marculae
498 5058 537 5109 tte
556 5061 660 5123 mereri,
1181 5124 1183 5133 Ι
1245 5055 1292 5124 tt)
1311 5053 1401 5121 emet]
1418 5055 1551 5107 tt'oEtlitt.
1571 5055 1661 5118 r-a,
1678 5053 1728 5106 Ed.
1744 5054 1787 5104 tn
1804 5058 1880 5104 ornet
1970 5079 1972 5083 ·

215 5143 280 5210 aab)
298 5144 422 5212 habitae]
439 5145 488 5196 sd.
507 5145 547 5198 ³.=
565 5145 678 5197 habitus.
757 5213 788 5220 ,.
917 5127 952 5146 ”
1049 5133 1101 5220 ἰ
1245 5141 1293 5208 18)
1312 5139 1418 5208 potest]
1437 5141 1474 5192 eie
1491 5142 1576 5214 nutu
1595 5143 1618 5192 l.
1638 5141 1663 5194 2.
1680 5141 1720 5203 4.;
1738 5137 1788 5192 ld.
1807 5139 1847 5190 aa
1865 5151 1920 5189 non
1936 5141 2031 5203 potest.

214 5231 263 5296 23)
281 5229 382 5296 Securi]
400 5231 438 5281 n'c
454 5231 537 5282 Editt.
557 5231 632 5285 1⁴3.
640 5249 648 5294 ς
666 5222 716 5285 ll'd.
735 5229 776 5280 ht
797 5229 880 5282 Siculi
955 5269 958 5279 .
1060 5224 1101 5236 ”
1191 5227 1196 5234 ’
1246 5225 1673 5295 inexscrlptnrlsdeicllditt.
1694 5223 1853 5289 r-a.;1t‹t.
1873 5221 2118 5290 taturcnpurrtr,

221 4868 422 4890 *nl—uun·-
