4920 5672
231 310 298 383 rte
578 311 618 383 ιι.
664 281 895 382 tremum
915 261 1234 382 eonrsssome
1256 303 1575 380 accusemne.
1618 307 1661 377 n.
1706 277 1900 378 numne
2185 303 2254 374 ιιο

206 503 311 656 Tb
333 497 553 588 eibingen,
575 496 657 568 ulilrl
677 497 919 588 promissiones·
941 502 984 567 de
1005 497 1159 579 cbristo,
1182 509 1244 586 etl
1351 495 1510 565 Meno
1532 499 1651 564 ensem
1672 509 1725 565 est
1744 497 1960 564 menube
1987 507 2039 562 tet
2059 493 2143 562 loeis
2165 497 2253 562 serl-

256 589 492 656 eremieslone
557 597 749 667 centorum,
777 597 811 653 ct
832 588 875 652 de
896 587 1041 672 gretulte
1061 595 1217 670 ueeepta·
1265 593 1385 669 ptores
1404 584 1487 652 nibil
1508 587 1656 662 muneri,
1679 603 1766 670 quee
1787 593 1904 668 aperte
1925 581 2073 649 tribuunt
2094 579 2251 648 instifice-

231 677 324 740 tlnne
350 684 489 761 propter
528 671 678 738 ‘insum
706 675 816 738 uadit
866 671 990 738 Extant
1011 683 1045 736 et
1067 671 1155 755 opud
1178 671 1215 736 Β.
1265 671 1387 736 donem
1414 671 1505 749 lirici,
1535 672 1726 755 etquidem
1748 666 1926 734 detrabum
1946 667 2130 752 operibus.⁸
2161 665 2252 732 Nun

232 759 353 840 Patres
376 759 520 846 sparsim
535 757 655 824 similln
677 759 875 824 testimonie.
908 757 1107 824 Ambrosius
1129 757 1216 822 euim
1266 754 1401 820 ll'nstre·
1420 756 1610 822 existimem
1642 755 1743 821 toties
1772 755 1859 818 iden
1886 752 2013 838 repetii
2055 753 2143 820 Num
2164 751 2253 818 erbl-

232 845 338 930 hqoit
366 845 399 910 ln
422 842 573 930 Epistola
599 845 643 908 ed
665 844 814 910 irenenm
836 843 1010 992 rendam.
1054 843 1216 909 Snbdltns
1266 851 1395 906 buntur
1416 842 1584 908 excidisse
1604 840 1735 926 spiritui
1757 851 1876 906 mneto
1893 857 1962 904 non
1979 837 2251 906 comedentem

233 937 344 996 cirtem
376 931 518 997 mundus
544 949 589 995 ee
614 947 676 1015 per
707 928 816 1016 legem
851 939 948 993 ectus
976 939 1044 1000 est,
1074 929 1151 1013 quia
1174 946 1216 991 ex
1266 923 1330 992 bes
1365 918 1495 992 venesi
1555 927 1623 991 Sed
1657 945 1743 990 exce
1788 935 1932 990 *euemnt
1964 926 2062 990 etiam
2094 921 2250 992 canillu

233 1017 444 1108 praescripto
465 1013 551 1100 legis
575 1033 692 1080 omnes
714 1017 971 1090 conuenienter,
992 1024 1027 1079 et
1047 1031 1090 1078 ex
1109 1014 1217 1098 eperi-
1266 1031 1334 1097 quo
1355 1008 1514 1091 eludunt,
1535 1011 1650 1078 dieunt
1671 1013 1714 1077 de
1759 1012 1802 1076 de
1823 1007 1965 1076 lormete
1986 1010 2094 1097 accipi
2116 1013 2252 1088 debere,

235 1103 298 1167 btis
320 1099 407 1188 legis
429 1119 528 1166 nerno
549 1101 758 1179 iustificetur,
782 1100 817 1165 ld
839 1111 903 1178 est,
924 1100 1002 1184 qnia
1022 1117 1083 1182 per
1106 1096 1216 1184 legem
1266 1097 1335 1164 ιιοο
1355 1109 1419 1175 est,
1442 1116 1511 1162 non
1532 1099 1681 1163 tribuunt
1702 1095 1780 1162 iidel
1795 1093 2073 1174 iustificationum,
2093 1097 2157 1161 nisi
2173 1099 2263 1179 prd-¹

299 1198 409 1252 catum
442 1187 678 1272 cognoscitur,
711 1186 772 1250 sed
802 1183 902 1270 eulpa
933 1201 1002 1249 non
1034 1181 1216 1250 relaxatur.
1248 1180 1584 1270 'pterdileetionem
1605 1183 1673 1248 imo
1693 1201 1833 1268 morsus
1855 1199 1923 1244 non
1946 1183 2092 1247 trlbnnnt
2108 1181 2188 1248 fidel
2203 1181 2253 1248 iu·

277 1273 421 1338 debatur
441 1270 497 1336 lex
517 1271 687 1349 nocuisse,
707 1287 798 1356 qnee
813 1288 930 1335 omnes
953 1267 1082 1338 feceret
1100 1281 1218 1354 pecen-
1267 1267 1519 1346 stificationem,
1542 1270 1604 1333 sed
1624 1279 1751 1334 munim
1775 1267 1962 1342 dilectioni,
2007 1267 2062 1332 uie
2085 1268 2253 1332 somnient

233 1366 346 1436 tures,
369 1357 430 1422 sed
454 1356 592 1422 veniens
613 1354 777 1422 Dominus
802 1355 897 1421 lesus
918 1367 1093 1440 peceatum
1115 1355 1218 1422 omni-
1267 1354 1368 1418 iidem
1389 1371 1494 1437 posse
1515 1365 1608 1419 sture
1628 1373 1703 1420 cnm
1732 1364 1872 1438 peceato
1894 1287 2039 1418 murtffii.
2084 1351 2253 1426 Quorsum

234 1443 299 1508 bns
326 1443 417 1530 qued
442 1461 541 1507 nemo
562 1451 693 1526 pitteret
714 1443 860 1514 enitere,
882 1441 1029 1518 donauit,
1052 1453 1087 1506 et
1109 1439 1219 1506 ebbo
1268 1437 1334 1505 boe
1355 1439 1510 1523 pertinet,
1531 1439 1595 1504 nisi
1612 1451 1649 1504 vt
1670 1439 1925 1523 promissionem
1947 1439 2066 1505 iterum
2083 1435 2253 1516 ebeleunt,

239 1527 402 1614 graphum
414 1528 809 1613 nostrumsnisenguinis
827 1524 1132 1592 einnonedoieute
1144 1527 1219 1591 linc
1268 1534 1308 1590 et·
1323 1526 1463 1590 redeant
1483 1527 1526 1590 nd
1549 1525 1671 1612 legem.
1715 1524 1753 1590 Si
1774 1523 1861 1589 fides
1883 1525 2006 1610 accipit
2024 1525 2254 1590 remissionem

238 1609 1218 1771 steatititit‘smtttisuim
1267 1607 2253 1781 ffiiiiei'i'i'iiiiiiiiiiiiiiii

237 1794 330 1850 tetus
350 1784 493 1850 mundus
515 1717 668 1850 subtilius
684 1719 796 1849 tiens
813 1751 997 1861 est,'tntins
1011 1719 1218 1868 mgndlqpeo-
1267 1791 1394 1847 tuutnm
1416 1713 1784 1866 qmnmmpeggebm:
1805 1716 1870 1847 gno
1892 1781 1960 1846 non
1972 1716 2167 1868 (ildigisus,
2189 1781 2264 1848 nisi·

237 1882 347 1936 catum
364 1867 514 1947 abstulit,
529 1869 618 1933 siout
635 1869 832 1934 testificatus
845 1879 903 1934 est
911 1868 1078 1934 lebannes
1090 1869 1217 1934 dicens.
1269 1877 1363 1934 certo
1385 1877 1534 1932 statuent
1556 1868 1673 1945 eorde,
1699 1867 1790 1952 qued
1810 1866 1934 1932 docete
1955 1867 1999 1931 sit
2018 1868 2119 1932 nobis
2141 1866 2255 1932 remis·

234 1953 328 2021 Ecce
347 1971 458 2042 agnus
478 1951 555 2032 Del,
576 1971 658 2018 ecee
678 1950 844 2039 qui-tollit
863 1965 1037 2036 peecatum
1050 1957 1105 2033 ⁶⁶)
1126 1973 1219 2019 mnn-
1269 1954 1322 2018 slo
1344 1963 1569 2036 peecatorum.
1599 1952 1649 2017 lte
1670 1952 1855 2038 aduersarij
1879 1954 1956 2018 dnm
1974 1953 2149 2040 requirunt
2171 1951 2253 2017 lidu-

236 2040 281 2106 ιιι.
326 2039 368 2104 Et
398 2041 474 2106 ldeo
495 2058 593 2106 nemo
616 2037 780 2124 glorietur
802 2040 836 2103 in
857 2039 1034 2122 operibus,
1063 2040 1142 2124 quia
1162 2057 1220 2112 ne·¹
1269 2039 1355 2103 elem
1375 2039 1533 2122 propriae
1547 2041 1602 2112 ⁶⁷)
1625 2035 1813 2104 dilectionis
1835 2041 1868 2102 in
1880 2038 2079 2103 remissione
2094 2047 2252 2122 paeonio

236 2143 293 2192 ιο
313 2121 414 2190 lectis
436 2126 507 2192 suis
527 2125 734 2190 iustificetur.
781 2125 850 2190 Sed
873 2125 928 2208 qni
951 2125 1059 2190 iustus
1080 2137 1144 2203 est,
1162 2125 1220 2190 tle·
1241 2085 1247 2220 1
1269 2143 1342 2190 rum
1362 2135 1397 2188 et
1417 2121 1662 2202 iustificatione,
1675 2120 1893 2209 Euangelinm
1910 2123 1953 2188 de
1974 2125 2116 2208 gratuita
2139 2126 2261 2189 rente·

236 2219 351 2278 netum
377 2211 496 2289 babet,
528 2211 605 2295 quie
636 2225 716 2295 post
743 2208 913 2275 lenacrnm
935 2208 1133 2276 ludiimtns
1155 2221 1218 2276 est.
1269 2211 1366 2273 οιοοο
1392 2222 1605 2292 poeoniorum
1629 2225 1770 2294 prorsus
1799 2207 1953 2286 abolent,
1976 2229 2052 2272 cum
2074 2223 2183 2274 tenren
2205 2211 2252 2274 di·

234 2294 338 2362 sines
359 2314 443 2383 ergo
465 2307 528 2374 cst,
545 2315 632 2380 qnae
651 2293 773 2361 liberet
791 2315 852 2379 per
869 2297 1067 2383 sangumem
1083 2294 1221 2374 Christi,
1267 2293 1446 2362 lectionem
1467 2291 1559 2360 illem
1580 2311 1691 2379 neque
1711 2305 1901 2377 praestent,
1924 2311 2033 2380 neque
2057 2291 2253 2384 intelligent,

283 2383 292 2402 '
336 2383 455 2449 beetus
482 2379 541 2447 ille
563 2383 617 2448 cui
643 2391 820 2466 peeeetnm
841 2381 1033 2460 remittitur,
1066 2391 1100 2446 et
1119 2381 1219 2448 venie
1269 2381 1333 2446 nisi
1356 2381 1494 2446 credent
1517 2382 1623 2466 gretie
1646 2380 1754 2464 cccipi
1776 2380 2006 2444 remissionem
2026 2389 2252 2464 peecatorum.

237 2400 393 2533 fficium
437 2467 532 2534 idaeo
553 2477 632 2532 sunt
652 2465 822 2552 Ambrosij
845 2467 968 2546 verbe,
994 2484 1081 2552 qnae
1102 2477 1220 2551 aperte
1355 2464 1428 2530 Nes
1461 2484 1596 2551 queque
1618 2464 1778 2544 dicimus,
1808 2466 1898 2550 qnod
1926 2461 2059 2530 dileetio
2082 2463 2180 2530 iidem
2202 2483 2253 2530 se·

160 2601 172 2610 .
234 2553 489 2703 monentur
509 2561 645 2617 nonme
666 2553 869 2630 sentenciae,
898 2549 1042 2616 detrabit
1063 2553 1220 2637 operibns
1270 2551 1328 2636 qni
1360 2551 1499 2630 debent,
1533 2553 1622 2616 sieut
1648 2562 1681 2614 et
1707 2547 1831 2616 Paulus
1856 2552 1921 2628 ait,
1953 2551 1989 2616 ln
2020 2548 2153 2616 Christe
2176 2548 2254 2616 lesu

305 2637 313 2655 ’
340 2637 523 2716 milonem,
555 2647 590 2701 et
617 2637 732 2702 tribuit
764 2635 858 2716 fidel,
891 2637 981 2723 qnod
1012 2634 1133 2703 liberet
1159 2657 1220 2721 per
1269 2655 1292 2701 n
1336 2654 1379 2700 ue
1401 2634 1610 2702 circumcisio
1632 2631 1758 2723 aliquid
1779 2635 1882 2714 velet,
1903 2655 2012 2722 neque
2028 2635 2253 2722 praepucium,

237 2723 434 2808 sanguinem
455 2719 598 2815 Christi..
633 2719 859 2788 Conlermtur
884 2724 920 2788 in
942 2743 1041 2789 vnum
1063 2743 1220 2790 wercum
1270 2740 1309 2788 se
1364 2719 1448 2790 fides
1477 2741 1538 2809 per
1566 2718 1777 2788 dilectionem
1811 2717 1942 2788 efficax.
1993 2720 2110 2871 Neffiue
2142 2731 2253 2788 temen
2307 2705 2311 2724 ’

237 2807 459 2894 Sentencierij
481 2825 611 2888 omnes,
633 2806 688 2892 qui
710 2805 896 2894 magnificis
917 2806 1021 2874 titulis
1047 2819 1219 2876 ornantur.
1270 2808 1346 2873 ideo
1367 2807 1582 2874 senciendum
1604 2817 1668 2885 est,
1690 2807 1781 2892 qnod
1802 2805 1924 2872 fidncia
1944 2804 2042 2872 buius
2077 2805 2256 2886 ilectlonis,

160 2961 162 2968 k
235 2891 321 2960 Nom
343 2871 401 2974 ciij
424 2905 588 2960 vocantur
712 2893 765 2974 'ci,
786 2888 845 2976 aiij
868 2891 1022 2974 subtiles,
1052 2891 1111 2978 eiij
1139 2895 1220 2960 irre·
1270 2897 1327 2962 cut
1359 2905 1496 2978 propter
1518 2889 1606 2960 bene
1639 2891 1852 2960 dilectionem
1880 2895 2083 2978 decipiemus
2111 2893 2255 2958 remissi»

234 2973 432 3066 iregubiles,
461 2978 586 3047 Omnes
612 2980 644 3044 is
703 2976 782 3044 lecti
810 2991 843 3044 et
865 2977 980 3046 relecti
1003 2999 1071 3046 non
1093 2991 1220 3048 tentum
1270 2991 1368 3044 onem
1390 2989 1607 3063 peecatorum
1635 2990 1671 3043 et
1692 2978 2014 3058 reconciliationem,
2036 2979 2123 3044 sicut
2143 2997 2255 3064 neque

237 3059 413 3132 conferent
433 3066 477 3132 cd
498 3059 750 3151 intelligendum
773 3061 929 3144 Paulum,
962 3077 1120 3153 qnantum
1143 3085 1223 3150 eon·¹
1270 3064 1454 3149 accipimus
1498 3063 1727 3130 remissionem
1766 3077 1981 3149 peecatorum
2020 3075 2159 3149 propter
2189 3063 2255 3129 elia

235 3146 302 3216 fert
322 3149 409 3230 baec
430 3170 497 3216 vna
517 3150 687 3232 Ambroslj
710 3152 893 3214 sentencia.
1270 3169 1374 3234 opere
1407 3150 1591 3234 sequentia.
1646 3149 1715 3215 Sed
1748 3147 1824 3214 sole
1856 3149 1923 3218 lide
1956 3160 1990 3214 et
2022 3149 2156 3233 quidem
2187 3148 2256 3216 lide
2392 3191 2401 3198 -

240 3222 259 3314 J.
321 3228 358 3304 Ιο
386 3236 527 3304 modom
552 3231 757 3302 sentenciam
783 3233 887 3300 multe
915 3246 1034 3304 contm
1066 3231 1220 3323 Pelagin-
1268 3235 1405 3322 proprie
1435 3236 1526 3301 dicte
1547 3235 1709 3322 accipitur
1727 3234 1882 3300 remissio
1928 3245 2142 3315 eecetomm,
2175 3236 2254 3323 qula

234 3338 308 3388 nes.
332 3319 448 3402 scribit
473 3317 703 3407 Augustinus,
749 3320 793 3386 de
825 3321 943 3406 spiritu
982 3334 1016 3388 et
1044 3319 1140 3388 litere
1165 3321 1220 3388 sie
1269 3321 1453 3406 promissio
1478 3339 1547 3385 non
1573 3331 1687 3406 potest
1713 3319 1820 3404 accipi
1847 3320 1912 3386 nist
1934 3320 2011 3387 lide.
2059 3317 2123 3385 list
2144 3331 2253 3386 autern

233 3406 292 3474 eit.
336 3393 416 3488 ideo
444 3406 577 3494 quippe,
608 3405 807 3490 proponitur
833 3406 965 3474 iusticia
990 3400 1096 3494 legis,
1129 3407 1219 3493 qnod
1269 3406 1354 3472 ildes
1375 3425 1438 3491 pre
1460 3407 1509 3471 ric
1531 3406 1728 3490 dicisquae
1756 3407 1939 3472 assentitur
1959 3405 2186 3493 promissioni,
2200 3406 2254 3471 ·de

234 3491 293 3578 qui
324 3488 444 3573 iecerit
467 3511 573 3570 enm,
605 3491 697 3558 uiuet
727 3493 762 3560 in
802 3489 880 3572 illa,
940 3505 977 3560 vt
1020 3514 1096 3562 eum
1130 3493 1219 3578 quis·
1268 3490 1336 3557 bac
1356 3490 1423 3556 lide
1456 3492 1590 3578 equitur
1611 3491 1787 3578 scriptura.
1831 3491 1872 3557 lit
1894 3492 1971 3580 quie
1992 3493 2114 3580 accipit
2133 3493 2252 3558 remis-
2336 3511 2342 3532 ⁶

233 3595 301 3662 qne
319 3576 556 3644 ‚infirmitetdm
584 3594 679 3680 snum
706 3579 920 3664 cognouerit,
953 3599 1021 3644 non
1054 3598 1115 3663 per
1136 3597 1218 3644 snus
1269 3577 1398 3642 sionem
1427 3589 1659 3662 peecatorum,
1685 3587 1720 3643 et
1741 3575 1935 3643 reconciliet
1955 3598 2018 3643 nos
2042 3569 2135 3657 lieo,
2157 3579 2252 3664 prins

232 3663 333 3746 obes,
365 3681 473 3748 neque
505 3679 567 3746 per
587 3657 715 3728 bteram
752 3664 859 3747 ipsius
887 3662 992 3750 legis,
1046 3665 1114 3730 nod
1146 3663 1219 3730 lieri
1268 3663 1334 3729 lite
1356 3662 1425 3729 lide
1451 3664 1532 3730 iusti
1564 3675 1756 3749 reputamur
1776 3677 1914 3750 propter
1936 3662 2117 3742 Christum,
2151 3683 2252 3749 quem

233 3746 540 3838 scripsimus&
554 3765 620 3831 ·per
642 3743 741 3812 fidem
759 3745 942 3817 concilians
953 3685 1218 3830 instfficetnrem,
1269 3746 1449 3833 diligimus,
1466 3766 1508 3816 ec
1530 3746 1637 3836 legem
1652 3747 1807 3826 lecimus,
1830 3761 1862 3814 et
1884 3750 1913 3812 si
1930 3752 2125 3814 necessario
2142 3751 2252 3837 seqni-

232 3833 484 3919 perueniat„ct
504 3829 623 3910 iactet,
647 3843 681 3896 et
708 3833 800 3898 vicet
821 3835 856 3898 in
885 3853 939 3910 ea,
954 3838 1021 3914 ⁶⁶¹)
1051 3835 1145 3918 Opus
1167 3854 1219 3900 rc·
1269 3846 1324 3900 tur
1345 3831 1487 3900 dilectio.
1527 3834 1745 3920 ·Nequevero
1769 3833 1961 3900 baselides
1980 3845 2031 3899 est
2053 3837 2170 3900 ociosa
2191 3855 2251 3898 no·

231 3917 442 4070 fflfflgd
465 3917 679 4066 spui-iecerit,
700 3917 846 4000 videtin
868 3937 922 3990 ec.
943 3937 1010 3986 nen
1032 3917 1081 3992 fit,
1101 3918 1165 3985 nisi
1184 3920 1220 3984 in
1269 3919 1367 3998 tinia,
1396 3938 1472 3986 nee·
1487 3931 1600 4004 potest
1628 3931 1720 3984 sture
1737 3939 1823 3984 ·enm
1851 3930 1993 4004 peceato
2016 3916 2166 3994 oremali,
2189 3919 2253 3986 sed

232 4073 295 4178 Hic
318 4085 412 4175 clare
432 4087 516 4170 ,dicit
538 4077 790 4176 instificetorem
809 4087 875 4154 lide
891 4087 1093 4176 conciliem,
1116 4101 1150 4154 et
1171 4091 1217 4156 in·
1280 4097 1335 4158 'nn
1359 4093 1531 4178 eriguntur
1553 4099 1586 4157 et
1603 4089 1816 4156 vinllieantur
1831 4087 2091 4176 perterrefactus
2108 4103 2252 4156 mentes.

232 4173 466 4276 stilicutionem
499 4171 565 4240 lide
596 4173 776 4259 impetrari.
831 4159 877 4241 ιιι
902 4170 1004 4258 paulo
1079 4187 1123 4243 st.
1164 4173 1217 4240 Ex
1267 4109 1314 4240 ἕο
1331 4176 1410 4262 quic
1431 4176 1506 4242 sola
1527 4173 1721 4241 bnec'lldes
1744 4177 1864 4261 accipit
1884 4175 2116 4242 remissionem
2132 4191 2251 4262 pecw
2324 4221 2325 4224 =

232 4256 316 4347 lege·
341 4259 493 4329 timemus
520 4249 643 4339 Deum,
675 4279 716 4328 ex
744 4255 812 4324 fide
840 4277 1015 4343 speremus
1092 4257 1215 4348 Deum,
1267 4272 1389 4339 torum,
1412 4275 1446 4326 et
1465 4261 1576 4326 reddit
1596 4279 1661 4326 nos
1683 4259 1960 4346 commoneo,
1980 4273 2015 4326 et
2037 4257 2133 4328 effert
2154 4263 2261 4348 spirit*

232 4345 294 4418 esd
317 4340 506 4414 tuentius
574 4364 669 4413 enain
691 4343 1046 4432 absconditurgretle,
1066 4347 1224 4432 subque
1266 4357 1336 4412 tum
1358 4355 1522 4424 sanetum,
1537 4345 1591 4426 ⁶⁸)
1624 4349 1749 4414 rectius
1777 4349 1891 4414 veenri
1920 4348 2029 4436 gretie
2052 4359 2181 4432 gratum
2203 4348 2249 4415 iu·

311 4429 477 4581 uffengnte
497 4422 661 4581 ιοῦἓὶιᾳοο
682 4439 748 4518 ete.
770 4428 956 4583 perdfidem
979 4427 1150 4582 corhingiet
1172 4431 1216 4498 ed
1264 4433 1359 4582 ¹ciens
1378 4439 1529 4532 poteret,
1550 4447 1652 4530 quam·
1669 4431 1809 4537 effeetus
1832 4451 1990 4531 sequens,
2023 4430 2180 4498 videlicet
2195 4434 2261 4556 udi}

231 4535 315 4689 igi
330 4535 603 4680 ιῖἓιοιιιοῑ
630 4518 840 4667 iiiiii
874 4516 1216 4670 ditionii&
1236 4519 1386 4691 iiiiii
1403 4517 2141 4690 ,iniititiiti‘iiiiiiiii
2160 4521 2250 4672 tii:

232 4706 330 4772 pere,
365 4699 400 4754 et
421 4686 521 4753 docet
541 4687 635 4770 prins
662 4686 730 4754 lide
750 4687 1004 4772 apprehendere
1029 4688 1213 4794 misericor
1263 4690 1347 4772 ptis,
1375 4700 1490 4794 rtjres
1510 4688 1624 4776 magis·
1640 4687 1736 4754 beret
1755 4692 1950 4776 perspicue,
1973 4691 2064 4779 qnod
2086 4687 2256 4789 suicide

233 4773 337 4852 diem,
369 4791 469 4859 qnam
500 4769 513 4836 l
638 4771 753 4838 iecere
780 4791 949 4840 conemur.
991 4771 1214 4844 amoenus
1264 4788 1501 4860 consequimur
1517 4774 1751 4842 ιοιιιιοιιοιιοιιι
1764 4787 1980 4858 peccatorum
1997 4787 2137 4863 propter
2152 4772 2250 4841 onn-

230 4855 790 4981 esrtet-cwr
1056 4902 1059 4912 ·
1180 4891 1184 4908 ·

495 3993 684 4074 ossiculo,
703 4013 814 4070 autem
840 4023 883 4070 ex
916 3999 983 4070 fido
1003 3996 1217 4090 impetratur.
1268 4015 1321 4070 est
1348 4025 1435 4090 opus
1468 4006 1605 4090 spiritns
1634 4004 1759 4081 saneti,
1792 4024 1859 4092 qno
1888 4001 2068 4070 liberamur
2089 4025 2109 4070 u
2131 4003 2252 4086 morte,

335 5107 338 5116 -
416 5104 420 5115 ·
493 5097 540 5120 ·=
658 5058 690 5086 ⁴·
975 5034 979 5049 ¹
1023 5083 1059 5102 -=
1248 5064 1805 5134 :etnropnnlnnar-uceprepne
1861 5058 1921 5096 ¹³³·
2214 5054 2258 5099 o,

233 5131 712 5206 mimilevum.
913 5187 957 5205 ,.
1046 5153 1069 5172 ‘-
1134 5165 1147 5185 ··
1265 5149 1591 5218 commonemus
1608 5133 2253 5220 memnones-assentientium&

232 5217 646 5287 “tlbmlffitotus
1122 5233 1138 5263 ι
1335 5223 1846 5291 summasunmna,
1998 5222 2180 5284 ,ιιι-ιιι..
