4894 5672
244 231 313 328 tsi
360 345 363 348 ,
505 297 510 304 -
596 263 637 334 ιι.
680 261 912 334 aroucam
932 261 1253 338 courussroros
1274 263 1592 334 nucosrsnaa
1635 267 1677 336 n
1719 263 1910 334 manna
1967 295 1976 310 a
2193 262 2261 332 tm

245 467 454 602 ...affl
469 449 991 625 ‘edittattft'tttaltt
1001 449 1230 605 itm
1252 489 1256 525 ²
1279 451 1439 619 miili
1453 448 2261 626 tittttta·t..bttt⁵.t¹²tttlttlt

115 639 120 648 ·
247 620 331 686 ‘ud
359 622 448 706 apud
469 623 682 710 Prophetam.
728 625 816 692 Viuo
839 645 921 710 03⁰2
946 625 1030 699 dicit
1049 623 1228 704 Dominus,
1279 559 1455 692 ffiterum
1468 627 1510 691 de
1521 629 1768 694 enumeratione
1783 622 1980 692 delictorum
1998 625 2031 690 in
2047 620 2262 692 confessione

246 703 329 774 nolo
350 720 491 776 mortem
513 711 723 795 peccatoris,
752 712 814 778 sed
840 722 877 778 vt
898 713 1167 787 conuertatnr²⁹)
1197 723 1230 776 et
1279 730 1382 794 supra
1403 712 1556 793 diximus,
1578 717 1671 799 qnod
1690 713 1880 780 senciamus
1903 731 1976 779 earn
1999 731 2067 776 non
2089 730 2168 776 esse
2190 712 2263 778 iure

247 795 351 860 uiuat.
401 793 489 868 Quia
520 797 607 863 enim
638 799 725 864 iurat
753 796 864 876 Deus,
894 793 986 862 nolle
1018 815 1058 862 se
1089 807 1228 862 mortem
1280 797 1392 863 diuino
1404 800 1643 882 necessariam,
1664 801 1751 866 Nam
1761 800 1851 884 quod
1872 795 2032 882 abijciunt
2043 797 2188 881 quidam,
2209 798 2262 862 ln·

247 883 455 966 peccatoris,
481 883 629 949 ostendit
649 882 774 969 requiri
800 881 919 961 fidem,
951 893 988 948 vt
1014 883 1135 948 iuranti
1157 903 1229 949 cre-
1280 882 1387 948 dicem
1408 885 1500 967 prius
1522 887 1646 952 debere
1669 879 1880 971 cognoscere
1899 903 2047 960 caomm,
2069 884 2263 968 priusquam

248 965 386 1043 minus,
414 979 448 1032 et
475 979 568 1033 certo
597 969 782 1036 statuamus
810 987 886 1034 eum
913 967 1011 1034 nobis
1040 969 1229 1055 ignoscere.
1279 969 1488 1054 pronunciat,
1510 970 1577 1036 hoc
1594 971 1676 1039 nihil
1697 973 1742 1038 ad
1758 969 1848 1036 hanc
1863 990 1934 1034 rem
1949 970 2108 1053 pertinet,
2132 969 2263 1054 ⁸⁴)qula

247 1049 373 1137 magna
394 1052 494 1118 debet
516 1074 596 1120 esse
617 1057 780 1122 autoritas
797 1055 886 1139 apud
896 1073 959 1118 nos
973 1055 1229 1137 promissionum
1280 1055 1493 1121 ministerium
1513 1055 1747 1136 absolutionis,
1769 1054 1964 1122 beneficium
1983 1066 2044 1130 est,
2066 1074 2127 1120 seu
2168 1055 2265 1134 ratis,

246 1135 431 1204 diuinamm
454 1158 617 1224 persese.
650 1140 696 1207 At
717 1139 802 1208 baec
823 1140 1001 1225 promissio
1024 1141 1123 1206 etiam
1144 1141 1229 1204 iure-
1280 1159 1348 1204 non
1371 1149 1424 1206 est
1445 1141 1600 1210 iudicium
1622 1165 1684 1212 sen
1705 1141 1772 1208 lex.
1807 1141 1922 1228 ltaque
1939 1141 2079 1205 ministri
2101 1077 2264 1206 inllccle·
2292 1145 2293 1148 ’

244 1222 386 1289 iurando
415 1223 611 1292 confirmata
636 1239 698 1294 est.
744 1226 858 1301 Quare
884 1227 991 1312 siquis
1018 1245 1086 1292 non
1114 1226 1229 1294 statuit
1280 1226 1332 1292 sia
1353 1223 1477 1292 habent
1504 1228 1693 1298 mandatum
1716 1228 1903 1294 remittendi
1926 1236 2085 1312 peccata,
2113 1247 2183 1292 non
2204 1225 2265 1290 he·

248 1309 314 1374 sibi
342 1309 491 1394 ignosci,
524 1313 684 1402 isnegat
710 1311 820 1380 Deum
845 1332 962 1380 verum
982 1313 1130 1390 iurasse,
1186 1333 1231 1378 uu
1280 1313 1361 1378 bant
1388 1313 1578 1380 mandatum
1606 1313 1834 1403 cognoscendi
1861 1309 1994 1402 occulta
2022 1323 2173 1396 peccata.
2216 1309 2261 1377 Et

248 1392 457 1480 blasphemia
482 1401 636 1466 atrocior
668 1396 762 1466 nulla
788 1397 971 1486 &cogitari
997 1409 1120 1482 potest.
1164 1334 1229 1465 (lic
1281 1398 1413 1483 quidem
1445 1397 1628 1467 absolnunt
1666 1403 1708 1466 ab
1742 1399 1794 1466 bis
1828 1418 1915 1485 quae
1947 1417 2016 1462 non
2047 1397 2265 1478 meminimus,

246 1483 335 1547 enirn
375 1482 422 1548 sit
460 1481 697 1552 Tertullianus.
757 1483 877 1550 lnuitat
914 1485 1041 1569 premio
1077 1480 1230 1562 salutem,
1280 1502 1386 1569 quare
1413 1482 1584 1551 absolutio
1611 1506 1698 1574 quaa
1725 1497 1778 1552 est
1805 1506 1872 1551 vox
1894 1481 2067 1568 Euangelij
2091 1483 2264 1548 remittens

245 1566 361 1634 iurant
383 1570 501 1650 etiam,
530 1569 617 1637 Viuo
639 1568 822 1650 dic'ens,⁸⁰)
857 1571 948 1656 capit
968 1570 1031 1635 sibi
1053 1571 1154 1637 credi.
1199 1567 1230 1633 0
1280 1579 1421 1653 peccata
1442 1581 1491 1637 ·et
1525 1571 1708 1639 consolans
1741 1570 1985 1653 conscientias,
2023 1589 2090 1634 non
2129 1567 2266 1652 requirit

245 1655 366 1720 beatos
392 1674 533 1740 quorum
559 1677 664 1724 musa
688 1657 775 1722 iurat
803 1655 908 1722 neus.
952 1654 984 1720 0
1011 1656 1229 1735 miserrimos,
1281 1655 1514 1742 cognitionem.
1524 1662 1570 1736 8⁴)
1616 1657 1658 1725 Et
1689 1655 1864 1726 ridiculum
1897 1665 1949 1721 est
1982 1654 2049 1720 bno
2077 1654 2262 1720 transferre

246 1739 278 1804 si
299 1759 365 1808 nec
386 1740 509 1807 iuranti
525 1739 672 1818 Domino
696 1742 873 1807 credimus.
911 1742 1024 1828 Atque
1044 1741 1101 1807 bic
1121 1741 1231 1808 scien·
1282 1741 1404 1807 dictum
1427 1739 1639 1822 Salomonis,
1667 1744 1856 1830 Diligenter
1883 1762 1924 1806 co
1974 1744 2109 1818 osce³⁵)
2140 1737 2265 1806 vultum

167 1905 168 1910 ἵ
247 1826 325 1892 dum
348 1837 413 1905 est,
434 1827 525 1912 qued
547 1825 633 1894 haec
648 1827 734 1894 fides
751 1829 871 1893 debeat
886 1829 1022 1907 sentire,
1044 1827 1136 1914 qnod
1154 1849 1231 1914 gra·
1280 1827 1414 1913 pecoris
1442 1831 1499 1894 tui.
1543 1827 1636 1894 Nihil
1668 1831 1755 1896 enim
1782 1829 1862 1894 dicit
1883 1827 1929 1894 Sa
1944 1846 2043 1890 cmon
2066 1827 2109 1892 de
2131 1823 2266 1892 conses-

245 1911 291 1977 tis
313 1912 513 2064 mini}
536 1912 709 1980 catDeus
731 1911 1071 1999 properaturum,
1094 1923 1232 1998 propter
1280 1913 1393 2017 sione,
1426 1913 1487 1979 scd
1516 1916 1616 1981 tradit
1641 1915 1904 2018 oeconomicum
1931 1925 2146 2014 praeceptura
2178 1910 2265 1996 patri

245 2013 717 2164 {libibidililiiii'j
730 2009 1129 2162 tittttatttttttt
1143 2019 1237 2180 itt
1279 1995 2050 2173 ittitt.l‘.t.¹tt..⁸²ta,t.tt⁵itit?
2063 1995 2265 2162 ilidii}

246 2169 278 2235 si
308 2168 393 2236 fides
425 2171 548 2236 nitatur
580 2172 633 2238 bis
662 2174 839 2260 operibus,
877 2172 988 2238 statim
1018 2168 1057 2235 fit
1089 2171 1229 2252 incerta,
1280 2189 1324 2236 ne
1349 2169 1461 2235 studio
1490 2172 1717 2258 augendarum
1739 2167 1951 2248 facultatum,
1981 2179 2168 2254 occupatus
2194 2167 2264 2232 ani·

246 2256 327 2341 quia
354 2256 562 2322 conscientia
607 2259 706 2326 uulda
735 2257 826 2324 ridet
850 2255 935 2324 baec
964 2276 1068 2341 opera
1095 2251 1231 2344 indigna
1281 2275 1372 2336 mus,
1401 2256 1538 2343 abijciat
1559 2259 1710 2324 timorem
1733 2256 1814 2329 Dei,
1844 2268 1902 2322 aut
1924 2255 2040 2331 fidem,
2069 2265 2126 2318 aut
2149 2274 2264 2319 curam

249 2357 338 2406 esse.
376 2340 454 2408 ldeo
477 2280 652 2427 praeclare
673 2345 719 2410 ait
734 2345 933 2410 Ambrosius
956 2343 998 2407 de
1017 2345 1229 2427 poenitentia.
1280 2343 1376 2408 verbi
1401 2341 1477 2408 Dei.
1527 2343 1596 2411 Sed
1628 2342 1813 2428 aduersarij
1847 2343 1954 2408 nostri
1986 2339 2126 2405 mirifica
2157 2337 2264 2406 bleta·

246 2423 341 2514 Ergo
363 2438 396 2491 at
417 2429 581 2515 agendam
603 2431 854 2515 poenitentiam,
882 2440 917 2494 et
943 2429 1152 2494 tribuendam
1172 2421 1248 2496 ve?
1279 2424 1454 2510 morphosi
1470 2427 1709 2496 transformant
1727 2432 1816 2496 dicta
1833 2428 2030 2514 scripturae,
2046 2427 2080 2490 in
2098 2421 2264 2512 quaslibet

244 2514 334 2578 niam
356 2513 497 2579 credere
518 2533 583 2582 nos
606 2516 780 2595 conuenit,
810 2525 846 2581 vt
871 2515 1004 2580 veniam
1025 2524 1136 2580 tamen
1158 2523 1229 2581 tan·
1279 2513 1482 2580 sentencias.
1532 2513 1595 2582 llic
1628 2535 1836 2602 cognoscere
1870 2511 2035 2600 significat
2070 2512 2120 2576 eis
2148 2511 2264 2577 audire

269 2617 345 2664 uam
378 2617 421 2663 ex
454 2597 521 2664 fide
550 2620 568 2665 a
649 2620 740 2674 mus,
772 2597 929 2688 tanqtlam
957 2619 999 2665 ex
1032 2599 1228 2687 syngrapha
1281 2595 1524 2666 confessiones.
1557 2599 1681 2668 Vultus
1699 2613 1948 2667 nonexternnm
1959 2598 2262 2676 conuersationem,

243 2617 330 2750 ades
352 2685 517 2771 impetret.
557 2622 649 2754 iffi

659 2687 743 2754 fides
766 2699 819 2753 est
841 2704 928 2772 quae
946 2697 1088 2772 peccate
1109 2697 1227 2754 nostra
1278 2685 1341 2748 sed
1366 2703 1491 2751 arcana
1520 2689 1759 2754 conscientiae.
1804 2685 1957 2752 Pecndes
1986 2681 2176 2769 significant
2203 2681 2262 2748 bo·

243 2771 404 2856 cooperit.
455 2769 580 2838 Extant
613 2773 728 2859 itaque
759 2772 951 2840 sentenciae
977 2773 1066 2857 apud
1094 2771 1240 2853 Patres,
1277 2771 1396 2836 mines.
1440 2769 1531 2838 Sane
1553 2771 1642 2840 bella
1664 2784 1716 2838 est
1734 2771 1980 2858 interpretatio,
2007 2782 2041 2835 et
2063 2771 2095 2836 di
2144 2769 2261 2834 aistis

242 2875 312 2922 non
341 2853 450 2924 solum
478 2858 521 2922 de
548 2860 755 2924 contricione
777 2869 810 2924 et
837 2860 1012 2944 operibus,
1040 2858 1225 2926 sedetiam
1277 2859 1562 2941 contemptoribus
1599 2861 1785 2926 studiorum
1824 2853 2054 2943 eloquentiae.
2092 2790 2193 2929 {lon
2231 2853 2263 2920 si
2345 2913 2351 2922 .

243 2942 287 3009 de
313 2941 389 3010 fide.
432 2942 560 3010 Verum
589 2944 797 3031 aduersarij,
831 2964 906 3010 cum
935 2965 1045 3030 neque
1072 2955 1224 3012 naturam
1275 2939 1357 3009 velit
1373 2938 1493 3030 aliquis
1505 2964 1573 3095 per
1584 2945 1828 3012 similitudinem
1844 2939 2030 3009 transferre
2046 2951 2262 3026 praeceptum

241 3029 467 3114 poenitentiae
492 3027 697 3117 intelligant,
725 3050 835 3117 neque
861 3048 1047 3098 sermonem
1075 3031 1222 3112 Panum,
1275 3039 1417 3116 epatre
1436 3027 1514 3094 fam‘
1529 3033 1578 3096 ias
1600 3033 1644 3098 ad
1665 3042 1833 3117 pastorem
1855 3024 2047 3106 Ecclesiae,
2075 3037 2167 3091 certe
2189 3023 2262 3090 vnl-

243 3127 427 3198 excerpunt
448 3113 538 3182 dicta
560 3116 603 3180 de
625 3127 721 3200 parte
742 3116 977 3204 poenitentiae,
1001 3113 1158 3188 videlicet
1182 3117 1224 3184 de
1277 3125 1345 3180 tum
1368 3116 1503 3182 debebit
1523 3117 1735 3201 interpretari
1762 3116 1805 3182 de
1827 3125 1966 3180 esterna
1992 3112 2261 3180 conuersatione.

241 3199 413 3285 operibus,
428 3197 520 3268 Alibi
537 3202 628 3268 dicta
643 3200 774 3284 deiide,
792 3221 868 3269 cunr
884 3220 953 3267 non
968 3197 1223 3289 intediganttv),
1274 3198 1368 3267 Haec
1394 3199 1574 3276 similitudo
1606 3203 1715 3289 magis
1747 3201 1940 3287 quadrabit,
1972 3198 2040 3265 Sed
2070 3198 2260 3262 omittamus

235 3293 466 3372 praetereunt.
662 3291 668 3298 “
1274 3285 1350 3350 iata.
1382 3285 1572 3374 Aliquoties
1594 3287 1632 3355 lit
1651 3289 1685 3354 in
1705 3285 1851 3352 Psalmis
1875 3284 1998 3351 mentio
2021 3279 2259 3363 confessionis,

1138 3409 1142 3430 .
1274 3379 1322 3447 vt,
1343 3369 1433 3450 Dixi,
1455 3373 1642 3442 confitebor
1657 3375 1836 3441 aduersum
1858 3391 1912 3436 me
1928 3369 2129 3436 iniustitiam
2151 3387 2259 3434 meam

1273 3452 1439 3538 Domino,
1472 3470 1506 3524 et
1538 3474 1575 3526 tu
1601 3461 1757 3526 remisisti
1786 3458 1831 3522 ini
1857 3456 1990 3523 uitatem
2024 3455 2157 3542 peccati
2182 3453 2258 3520 mei.

240 3539 307 3606 BE
334 3539 690 3608 CONFESSlONE
717 3543 780 3610 ΕΤ
806 3539 1223 3610 snrtsnncrlonn
1273 3537 1558 3610 'l'alis'conlessio
1580 3547 1719 3630 peccati,
1741 3564 1829 3632 quae
1881 3562 1921 3608 eo
1944 3541 1992 3620 fit,
2014 3552 2068 3606 est
2085 3542 2159 3625 ipsa
2178 3559 2259 3605 con·

1273 3627 1380 3694 triuio.
1423 3627 1509 3695 Nam
1542 3652 1618 3698 cum
1650 3629 1726 3697 Deo
1756 3629 1794 3696 fit
1829 3626 2018 3706 confessio,
2050 3625 2154 3690 corde
2185 3623 2259 3690 lieri

327 3712 414 3780 Boni
436 3714 495 3780 viri
516 3711 620 3780 facile
640 3715 843 3794 iudicare⁸⁸J
865 3727 1021 3800 possunt,
1068 3713 1221 3782 lurimum
1273 3733 1415 3782 necesse
1437 3729 1501 3796 est,
1523 3737 1591 3784 non
1611 3715 1722 3784 solum
1744 3735 1842 3794 voce,
1863 3715 1949 3780 sicut
1970 3711 2008 3777 fit
2025 3713 2058 3776 in
2078 3711 2192 3774 scenis
2214 3711 2258 3776 ab

240 3793 382 3879 referre,
404 3810 441 3865 vt
463 3801 505 3865 de
527 3801 754 3894 superioribus
776 3801 941 3888 partibus,
964 3737 1120 3868 vidallcet
1142 3821 1220 3868 con·
1272 3795 1502 3868 histrionibus.
1547 3801 1611 3868 Est
1633 3803 1735 3889 igitur
1757 3800 1834 3868 talis
1864 3795 2054 3874 confessio,
2085 3795 2258 3874 contricio,

240 3887 382 3953 tricione
405 3897 440 3951 et
464 3884 542 3967 fide,
565 3897 787 3953 conseruetur
809 3907 890 3952 veru
907 3887 1071 3953 doctdna.
1106 3886 1222 3970 ltaque
1272 3883 1307 3947 in
1330 3905 1398 3970 qua
1418 3889 1611 3955 sencientes
1633 3887 1716 3954 bam
1734 3886 1809 3960 Dei,
1834 3885 2030 3952 confitemur
2042 3879 2152 3948 Deum
2172 3882 2260 3946 iuste

239 3973 275 4038 in
296 3972 351 4038 bis
371 3970 459 4040 locis
480 3968 688 4039 illustrandis
707 3991 841 4058 semper
857 3969 932 4058 plns
948 3971 1075 4038 versati
1092 3990 1222 4052 sumus,
1273 3970 1387 4050 irasci,
1409 3992 1473 4038 nee
1494 3971 1622 4060 placari
1643 3993 1747 4060 posse
1763 3971 2073 4056 nostrisoperibus,
2093 3966 2136 4032 Et
2146 3975 2258 4032 tamen

240 4057 285 4124 de
313 4057 529 4126 consessione
561 4070 596 4124 et
623 4055 910 4125 satisfactionibus
942 4077 1010 4123 non
1043 4057 1221 4123 admodum

239 4143 338 4210 rixati
359 4164 487 4212 sumus.
525 4143 610 4211 Nam
633 4155 667 4210 et
689 4163 753 4211 nos
775 4141 1023 4211 confessionem
1041 4143 1220 4211 retinemus

240 4232 419 4382 3⁸⁰⁰le
439 4241 577 4336 Νομᾷ
599 4227 871 4337 Alwhmmlem’
900 4249 987 4336 ‘lupe
1008 4241 1061 4297 ω
1084 4231 1221 4297 verbum
1273 4279 1321 4350 et)
1339 4281 1402 4348 quta
1419 4281 1590 4332 ministerium
1612 4279 1789 4333 absolutionis
1807 4292 1841 4318 ¹-
1857 4305 1893 4319 -
1910 4303 1944 4316 -
1961 4276 2148 4343 conrequirit
2161 4279 2258 4342 conl·

275 4318 323 4397 ‘l’
348 4317 439 4404 ‘luo‘l
460 4318 502 4385 (1⁰
524 4315 669 4405 ⁸¹⁰ss⁰l¹⁸
691 4328 868 4384 mmmm
889 4319 1001 4384 dmm
1023 4317 1222 4421 Pf⁰¹¹¹¹¹¹⁰lfft
1342 4349 1463 4416 tionem]
1487 4349 1569 4401 Editt.
1594 4351 1687 4402 2-4.:
1714 4351 1775 4415 quia
1800 4347 1943 4399 Anemurio
1968 4353 2008 4396 est
2031 4345 2153 4396 executio
2177 4345 2258 4396 alieni

236 4413 389 4490 potestas
412 4399 564 4469 clunium.
600 4402 714 4477 Quare
734 4403 868 4488 impium
891 4413 984 4470 esset
1002 4423 1044 4469 ex
1065 4399 1222 4469 Ecclesia
1342 4419 1469 4486 memet,
1488 4431 1541 4470 non
1559 4427 1598 4469 eu
1614 4418 1750 4470 iunctura
1787 4416 1906 4470 onustus
1925 4416 1992 4466 aaa
2017 4414 2090 4466 cent
2106 4415 2257 4465 manarum

235 4488 398 4576 priuatam
429 4487 689 4558 Absolutionem
720 4487 849 4558 tollere.
903 4485 1021 4578 Neque
1062 4488 1140 4576 quid
1174 4490 1219 4554 sit
1341 4489 1491 4608 mendi
1508 4488 1674 4608 1³30oede
1691 4487 2024 4603 mendtmdeipsaffitp:
2039 4473 2257 4616 nanceii-'¹³33

737 4585 740 4592 Ι
1343 4564 1437 4692 puteal
1447 4565 1620 4693 effluam
1636 4567 1864 4690 irlflrlllamplllcceetlls
1881 4567 2033 4684 calculum:
2052 4567 2119 4687 qul?
2141 4635 2189 4670 neo
2206 4633 2256 4670 nce

1339 4696 1391 4761 ipsi
1417 4697 1593 4757 meminimus,
1619 4695 1712 4762 qulbus
1737 4694 1912 4744 remittantur.
1952 4691 1988 4740 tte
2012 4693 2035 4742 si
2060 4690 2187 4756 penderet
2211 4701 2253 4738 re·

235 4781 284 4850 28)
302 4777 483 4852 ecnaertstur]
499 4781 549 4834 nd.
568 4781 594 4834 3,
612 4788 666 4850 epp,
686 4796 753 4836 ara-‚2
771 4787 958 4834 mamm
1340 4764 1431 4815 mistio
1450 4779 1483 4848 ex
1501 4766 1665 4832 cogntdcne,
1684 4768 1741 4814 tots
1761 4777 1804 4814 res
1828 4767 1898 4812 met
1921 4760 2030 4812 luceru.
2066 4758 2204 4810 catarum
2225 4758 2255 4808 in

235 4850 681 4945 sternentem
1082 4847 1098 4871 “
1279 4825 2257 4967 .tatteuttattbtttr‘amatutae

234 4953 286 5021 8Ῑ)
302 4963 350 5005 ⁸¹¹⁸
373 4954 586 5022 'ffissifimd
613 4953 700 5008 Wil-
730 4953 821 5008 ΗΛ
846 4949 1054 5040 “mm
1080 4959 1127 5004 ⁸²⁸
1153 4952 1219 5004 ω’·
1340 4971 1452 5024 cionem.
1487 4971 1557 5024 Nam
1572 4973 1638 5023 haec
1655 4973 1718 5037 quia
1735 4975 1800 5021 ncta
1815 4975 1891 5033 suut,
1909 4967 2063 5019 uomnmn
2084 4971 2249 5026 somnam,

303 5025 425 5076 ctionem.
1339 5044 1367 5089 et
1388 5045 1480 5104 postea
1501 5042 1654 5094 uomlmtirn
1676 5039 1857 5102 ruminatur,
1878 5039 1903 5089 sl
1924 5041 2000 5088 autor
2022 5032 2088 5085 rein
2109 5032 2193 5099 ΜΝ
2214 5032 2260 5084 ff

233 5108 282 5190 82)
299 5106 468 5186 nunqua]
484 5107 568 5161 satu
586 5108 681 5162 Mt
697 5106 856 5173 lntedlmt,
1338 5104 1469 5160 Ecclesia

233 5193 283 5263 88)
299 5192 428 5263 tumme]
445 5192 497 5248 Ed.
515 5193 542 5245 8.
559 5201 613 5264 σῃ.
632 5199 700 5249 'uma
717 5193 827 5248 unsri
1270 5189 1320 5260 83)
1338 5195 1482 5266 camme]
1499 5195 1550 5249 Ed.
1567 5197 1610 5248 a:
1628 5205 1789 5262 aenomaus
