4888 5670
232 257 278 333 st
346 228 349 234 '
420 217 421 222 ‘
721 261 746 366 ¹.-
790 257 1078 330 ooruomrro
1098 259 1424 332 consessionis
1444 259 1761 334 incusemus.
2213 265 2256 337 u

204 501 207 508 .
238 453 462 534 epomreeitata
480 458 583 514 rant«
630 448 667 516 si
684 449 736 514 hic
753 471 900 516 numerus
916 453 1082 534 quinario
1103 472 1163 516 noo
1182 452 1338 516 indefinite
1355 473 1410 536 pre
1425 452 1557 536 pharios,
1575 454 1635 518 sed
1652 455 1773 536 proprie
1794 475 1863 518 cara
1886 452 2081 518 lluellere
2097 458 2256 539 accipiter,
2307 477 2308 484 ¹

237 537 528 620 iuquimndumvest,
546 555 694 619 quaenam
710 539 775 600 siut
790 536 864 600 illae
885 541 1020 622 quinquo
1041 538 1282 620 confutationis
1302 544 1547 604 “numanam
1563 549 1618 604 aut
1629 539 1786 618 formator
1796 541 1841 621 *).

389 655 542 738 Theologi
563 657 602 720 ah
624 653 808 739 Imperatore
825 659 994 722 hreriorem
1016 659 1230 742 mitioremque
1256 646 1503 724 confunderem
1522 681 1706 744 componere
1727 663 1822 736 iussi,
1849 681 1890 724 ex
1916 680 1975 725 sna
2002 681 2096 746 grege
2118 663 2255 745 inprimis

235 741 623 911 {lympidam
645 744 784 827 elegisse
801 746 958 820 ridentur,
975 753 1020 820 ut,
1043 766 1123 827 quae
1147 749 1296 810 communi
1325 749 1458 811 omnium
1483 747 1708 812 consultatione
1734 749 1892 832 proposita
1914 756 2037 824 eueni,
2061 751 2091 811 in
2119 749 2255 814 ordinem

302 849 395 911 prou
477 879 485 894 .

390 949 502 1014 mma
519 953 612 1016 istius
633 951 781 1016 lorrnnlae
797 956 986 1016 retractatio
1007 973 1071 1016 seu
1084 951 1317 1018 annotatione
1339 951 1566 1019 Conlntatioois
1581 953 1719 1033 forimsito
1746 957 1836 1039 priori
1859 953 2013 1038 prolixiori
2036 959 2125 1038 quasi
2149 956 2255 1020 lunda

235 1044 338 1101 mento
357 1045 568 1120 superstmcta
589 1060 658 1102 curu
681 1037 856 1121 imperatori
878 1037 1014 1103 exhibita
1031 1049 1063 1103 et
1079 1041 1117 1102 ch
1141 1061 1267 1104 eccum
1290 1038 1485 1124 Principibus
1509 1045 1730 1105 communicata
1747 1049 1829 1114 erat,
1854 1043 1892 1104 eh
1916 1041 1966 1104 his
1989 1043 2096 1106 iterum
2120 1043 2160 1106 oh
2185 1045 2254 1108 eius

236 1124 358 1188 nimiam
374 1122 579 1207 prolixitatem
590 1127 665 1207 Μ)
695 1133 727 1190 et
744 1126 958 1190 verosimiliter
980 1129 1070 1190 etiam
1099 1133 1223 1208 propter
1250 1127 1319 1190 eius
1345 1128 1540 1191 acerbitatem
1562 1129 1721 1210 repudiata
1747 1135 1806 1191 est.
1831 1165 1872 1178 -
1893 1128 1981 1191 llaec
2004 1127 2149 1204 formula,
2173 1151 2254 1212 quae

237 1213 359 1274 omniuo
370 1211 470 1294 periit,
482 1219 566 1276 certe
577 1212 739 1295 hucusque
753 1233 811 1276 non
824 1216 944 1295 reperta
956 1221 1017 1286 est,
1035 1215 1105 1274 siue
1123 1213 1216 1275 dnhio
1234 1233 1335 1294 aeque
1351 1234 1388 1276 ac
1405 1212 1459 1276 illa
1475 1217 1571 1296 prima
1588 1215 1628 1278 ad
1649 1214 1862 1297 inperatorem
1880 1217 1995 1298 scripta
2012 1223 2086 1291 erat,
2098 1237 2167 1279 cum
2190 1216 2255 1281 illis
2293 1213 2299 1232 ⁴

237 1295 351 1361 delius
372 1298 505 1362 noudum
523 1300 602 1361 satis
620 1302 818 1382 consfitptum
840 1318 916 1362 esse
933 1300 1096 1374 videretur,
1118 1319 1156 1362 an
1174 1297 1350 1363 Consolatio
1368 1300 1571 1384 praelegenda
1592 1307 1624 1365 et
1642 1304 1731 1366 cuins
1752 1303 1873 1364 nomine
1891 1309 1980 1365 esset
1996 1302 2211 1386 praelegenda.

389 1417 473 1482 luter
490 1417 569 1482 hanc
591 1420 721 1484 alterum
740 1415 900 1483 formulam
919 1423 1026 1484 iterum
1050 1422 1211 1494 retectam,
1234 1428 1267 1483 et
1289 1441 1372 1499 eam,
1398 1441 1488 1502 quam
1506 1423 1649 1504 sequenti
1673 1426 1768 1485 tertio
1796 1421 1866 1486 loco
1894 1426 2140 1498 recensebimus,
2167 1424 2254 1493 cir.

242 1503 380 1568 tioittr.
402 1504 571 1612 hlueller
586 1509 617 1570 in
639 1505 771 1570 Praelat
790 1507 859 1570 lihri
882 1505 965 1570 illico
982 1506 1125 1612 laudandi
1149 1529 1179 1592 p.
1208 1505 1297 1570 iiiiii
1315 1527 1363 1590 sq.
1383 1511 1492 1572 statuit
1512 1507 1604 1571 aliam
1623 1509 1784 1592 quandam,
1807 1528 1898 1590 quam
1924 1511 1992 1592 ipse
2010 1513 2134 1574 tertium
2152 1513 2254 1616 'nomi-

238 1592 1992 1763 ittitiiiti‘ititittt‘tti‘limittit¹2„iiiii?tittittiitiititit,iiiiii
2010 1595 2255 1750 iiiiiittiti

238 1763 402 1846 parandam
421 1774 453 1830 et
469 1766 703 1850 praelegendum
722 1774 901 1845 censerent,
918 1775 1060 1830 auctores
1082 1769 1112 1830 ei
1135 1767 1272 1840 luemut',
1290 1775 1324 1830 ut
1346 1771 1467 1831 nomine
1485 1770 1584 1850 ipsius
1607 1768 1800 1852 imperatoris
1819 1777 1850 1831 et
1862 1768 2073 1849 theologorum
2096 1792 2255 1853 compone·

238 1858 331 1924 retur,
355 1857 388 1914 et
405 1857 576 1936 composita
597 1853 720 1937 publice
736 1853 970 1936 praelegeretur.
1016 1852 1050 1916 ld
1069 1853 1244 1917 coutirmaot
1260 1855 1341 1916 Acta
1361 1853 1500 1936 hlogunt.
1529 1854 1581 1917 tol.
1607 1858 1657 1920 it.
1684 1856 1735 1918 his
1763 1857 1882 1918 verhist
1912 1859 2113 1936 dhutlhilltn,
2141 1859 2255 1930 Sirim

238 1937 293 2004 ioh
316 1939 435 2004 &truite
454 1948 546 2010 othim
564 1947 610 2018 tiit
628 1954 692 2022 qut,
715 1945 769 2022 boi
785 1945 827 2006 hle
846 1945 1071 2021 lthhtritqmrq,
1088 1945 1117 2019 lo
1136 1951 1185 2006 hen
1204 1947 1270 2018 titul
1285 1942 1376 2020 titur·
1394 1947 1448 2007 ouh
1467 1943 1580 2018 hialim
1603 1949 1652 2017 oui
1679 1947 1716 2016 iit
1734 1946 1899 2019 &lantoni
1922 1948 2038 2022 sortiter
2062 1948 2168 2008 methea
2195 1949 2253 2024 ion,

238 2026 268 2089 tn
285 2025 369 2102 hott.
388 2029 463 2092 uiri.
482 2033 594 2094 Panion
610 2036 663 2095 oui
682 2034 732 2092 mit
750 2031 796 2092 her
813 2033 897 2108 qeiert
918 2032 1007 2109 qetieti
1025 2039 1123 2093 metit.
1147 2064 1188 2076 --
1212 2026 1284 2102 Quo
1316 2029 1407 2109 igitur
1438 2026 1611 2110 Principum
1635 2030 1760 2092 decreto
1783 2031 1980 2092 constitutum
2009 2028 2145 2109 videtur,
2175 2037 2208 2094 ut
2235 2047 2254 2092 a

239 2108 394 2192 theologis
416 2113 533 2188 iterum,
552 2115 582 2178 h.
607 2135 635 2178 e.
657 2116 747 2178 tertio
765 2114 962 2196 refingeretur
983 2115 1161 2187 conhitntio,
1182 2133 1220 2175 ac
1243 2115 1365 2176 nomine
1388 2113 1583 2196 lmperatoris
1605 2123 1637 2179 et
1657 2115 1870 2197 theologomm
1895 2116 2105 2191 adornaretur,
2128 2115 2198 2191 rel,
2220 2125 2256 2182 ut

200 2227 205 2252 ι
236 2193 418 2262 (lochlaeus
441 2201 738 2284 narrat[locosupro
754 2219 786 2284 p.
808 2207 843 2264 ii
858 2221 907 2282 sq.
929 2199 1054 2280 allato],
1079 2200 1357 2264 heusscriheretur.
1401 2201 1524 2267 Etenim
1547 2223 1615 2266 curu
1633 2203 1684 2266 hic
1697 2223 1764 2264 eam
1777 2201 2017 2266 iamlireviorem
2030 2203 2139 2266 luciam
2153 2203 2256 2267 luisse

236 2284 346 2358 tradat,
364 2305 423 2348 nou
441 2306 567 2369 prorsus
585 2291 741 2352 immutata
762 2295 794 2348 ei
815 2289 930 2361 relicta,
948 2287 1008 2351 sed
1024 2287 1116 2350 modo
1138 2289 1180 2349 ita
1197 2308 1276 2349 nunc
1297 2287 1417 2352 videtur
1434 2295 1555 2370 parata,
1577 2295 1612 2352 nt
1634 2311 1742 2354 nomen
1765 2287 1959 2372 imperatoris
1983 2297 2015 2352 ei
2040 2289 2253 2372 theologomm

235 2380 489 2456 praeponeretur,
509 2377 602 2458 inquo
623 2396 662 2438 ea
686 2395 766 2438 nnnc
789 2372 953 2455 lmperator
976 2375 1110 2455 inheret,
1133 2362 1271 2436 moneret
1293 2381 1326 2436 et
1351 2373 1562 2438 exhortaretur
1587 2373 1796 2449 hullemann,
1826 2397 1905 2439 nunc
1930 2375 2068 2458 theologi
2096 2377 2253 2452 (locarent,

237 2458 446 2523 coutimrarent
463 2464 649 2546 argumentis
667 2482 727 2524 sua
748 2467 780 2524 et
800 2460 975 2524 refellerent
995 2457 1314 2541 Aug-consessionis
1337 2460 1458 2543 placita
1478 2499 1521 2509 -
1538 2499 1580 2512 -
1603 2462 1668 2536 Sed
1691 2483 1792 2545 neque
1818 2465 1878 2526 ista
1901 2465 1990 2526 tertio
2013 2483 2125 2526 recusa
2149 2464 2254 2528 conlu-

235 2545 363 2607 tationis
381 2543 510 2610 formula
528 2551 650 2611 omuino
667 2549 786 2611 ridetur
803 2548 1002 2611 satisfecisse
1019 2545 1212 2627 Imperatoris
1233 2553 1266 2609 et
1281 2544 1455 2630 Principum
1473 2546 1688 2611 catholicorum
1707 2551 1911 2630 expectationi
1928 2557 1961 2612 et
1982 2549 2140 2615 voluntati.
2178 2549 2254 2615 Etc-

235 2630 297 2692 nim
315 2650 407 2712 quum
425 2641 637 2715 reputassent,
659 2655 749 2718 quani
771 2631 852 2696 male
868 2632 1007 2696 audirent
1023 2631 1161 2714 theologi
1182 2628 1335 2696 Poniiticii
1352 2654 1370 2695 a
1388 2632 1592 2705 Luihemnis,
1610 2644 1643 2699 et
1667 2655 1759 2716 quam
1788 2637 1888 2698 invisa
1912 2643 2001 2698 esset
2022 2635 2074 2698 his
2099 2639 2253 2719 asperitas

237 2713 374 2790 illorum,
392 2737 472 2800 quae
489 2720 570 2784 haud
588 2721 682 2785 dubie
703 2725 734 2784 iu
752 2718 880 2782 lorinula
896 2721 986 2782 tertio
1008 2719 1115 2781 reticio
1131 2718 1231 2782 adhuc
1248 2719 1405 2794 tremebat,
1429 2727 1536 2802 quarto
1554 2722 1762 2795 decreremnt,
1780 2728 1830 2796 ut,
1855 2729 1920 2786 tota
1940 2742 1974 2784 re
1999 2725 2168 2787 auctoritati
2197 2722 2253 2786 lm·
2324 2733 2330 2746 ”

235 2803 386 2883 paratoria
406 2808 565 2886 permissa,
583 2804 760 2871 contemtio
781 2806 873 2870 inodo
895 2807 1018 2868 nomine
1035 2805 1105 2868 eius
1123 2812 1366 2887 componeretur,
1383 2814 1477 2890 atque
1499 2805 1571 2871 hinc
1592 2808 1713 2872 demum
1735 2807 1990 2891 praelegeretur.«

390 2923 439 2990 lix
453 2926 507 2990 hls
529 2927 720 3012 intelligitur,
742 2924 969 2990 nhluellero
988 2932 1117 3008 quatuor
1134 2926 1253 3010 priores
1273 2923 1500 2992 confutationis
1516 2929 1629 2995 latinae
1646 2929 1791 2994 formulas
1814 2931 1863 2992 sic
1881 2930 2046 3012 distinguis

438 3069 544 3147 primo
564 3068 725 3132 verbosior
746 3073 779 3130 et
797 3067 903 3140 acrior,
924 3065 1136 3148 theologorum
1153 3063 1370 3128 catholicorum
1389 3067 1510 3130 nomine
1527 3068 1700 3151 conscripta
1716 3075 1749 3131 et
1767 3075 1832 3133 tota
1852 3069 1892 3132 ad
1914 3065 2017 3132 solum
2038 3065 2252 3150 lmperaiorem

484 3173 645 3230 conversa,
666 3156 845 3234 eiquocum
865 3151 1006 3235 pluribus
1023 3151 1094 3240 aliis
1112 3150 1229 3216 libellis
1251 3152 1281 3218 d.
1304 3159 1352 3216 io.
1364 3151 1432 3216 lolii
1449 3173 1469 3216 a
1489 3152 1645 3236 theologis
1666 3155 1791 3228 tradita,
1813 3176 1873 3220 non
1890 3154 2015 3238 publice
2031 3152 2251 3239 praelegendat

440 3265 580 3332 recondo
600 3266 720 3329 brevior
735 3265 907 3346 mitiorque,
924 3263 1138 3345 theologorum
1156 3262 1373 3327 catholicorum
1391 3266 1514 3328 nomine
1530 3267 1704 3350 conscripta
1720 3274 1752 3331 et
1769 3273 1833 3332 tota
1850 3268 1890 3332 ad
1911 3265 2013 3331 solum
2032 3265 2250 3352 imperatorem

482 3373 643 3432 conversa,
664 3373 723 3415 nnn
744 3349 868 3435 publice
884 3348 1105 3434 praelegenda3

440 3468 538 3614 teritio
559 3466 680 3614 hgvior
698 3465 873 3547 mitiorque,
895 3463 1019 3526 nomine
1041 3459 1231 3545 imperatoris
1254 3468 1287 3526 et
1314 3460 1525 3547 theologomm
1553 3463 1770 3530 catholicorum
1797 3469 1987 3549 conscripta,
2015 3465 2139 3550 publice
2164 3489 2250 3551 pras·

493 3573 571 3634 egen
618 3572 629 3627 ς
2008 3599 2012 3602 .

436 3671 552 3750 prmrtn
568 3663 688 3728 hreslor
709 3665 884 3744 mitiorque,
901 3661 1000 3726 solius
1017 3659 1212 3745 imperatoris
1229 3663 1351 3726 nomine
1372 3663 1545 3744 conscripta
1566 3671 1599 3728 ei
1620 3663 1753 3746 Prologo
1774 3672 1877 3739 aucta,
1901 3664 2025 3747 publice
2045 3665 2250 3747 praelegenda

416 3815 417 3820 ,
482 3753 527 3832 (iu
547 3749 667 3815 codiee
687 3749 857 3833 moninio
880 3754 1049 3832 contentu).

231 3939 594 3972 *a*

339 4061 369 4132 '³
385 4058 1315 4194 trememtmmiitticinumittittiii
1327 4059 1423 4182 titi
1436 4059 1869 4194 mmmmm,
1790 4061 2106 4206 rstisii‘rrni'tittttt
2122 4063 2248 4188 mm

384 4202 501 4265 iinonnm
518 4202 710 4266 sermonicum,
727 4200 801 4253 iussu
818 4199 983 4262 imperatoris
1007 4199 1111 4252 iactam
1144 4197 1229 4251 veria
1251 4199 1340 4251 nomm
1364 4199 1513 4264 sequentia:
1537 4198 1688 4266 ,Μήνη
1709 4202 1739 4253 et
1762 4197 1939 4266 resederint,
1962 4199 2095 4254 macrini
2115 4203 2146 4254 et
2165 4211 2245 4255 reort-

384 4269 499 4326 ΜΨ
507 4270 685 4334 saturantur
695 4269 900 4333 interpretationi
918 4268 990 4322 cir.
1008 4266 1123 4323 iiottir.
1139 4266 1312 4332 iiueiieri,
1329 4267 1373 4332 qni
1390 4268 1514 4332 qumque
1527 4267 1678 4334 formulae
1694 4268 1793 4334 statuit,
1805 4280 1900 4333 nerone
1920 4269 2029 4333 primam
2039 4269 2247 4324 contitutionem

387 4339 412 4393 a.
431 4339 548 4394 rotulit
564 4339 702 4394 exhibitam
726 4340 755 4390 et
775 4343 886 4402 quotuor
910 4339 967 4393 cius
992 4335 1189 4392 retractationes
1212 4336 1316 4390 ictinus.
1354 4337 1466 4404 iitroque
1488 4339 1568 4400 isirin
1592 4338 1803 4404 interpretatione
1829 4338 1931 4393 iliorum
1954 4338 2093 4392 veriorum
2116 4339 2249 4406 protatur,

384 4409 509 4474 qumque
524 4407 633 4463 maroa
650 4408 867 4474 confutationes
884 4409 1007 4471 deinceps
1031 4405 1183 4481 imperatori
1201 4417 1262 4459 esse
1281 4406 1418 4462 exhibitus
1437 4433 1470 4445 -
1488 4407 1654 4462 Koeiiner
1675 4407 1702 4460 tn
1721 4407 1738 4460 i.
1756 4403 1878 4468 &omini
1897 4407 1940 4460 oet
1957 4404 2021 4470 tuit.
2041 4403 2074 4459 a.
2099 4421 2124 4472 p.
2141 4411 2202 4466 iot.
2220 4411 2274 4464 et·

382 4477 465 4534 irio.
482 4476 624 4532 francie
641 4478 669 4531 in
685 4477 750 4532 Edit
765 4477 899 4531 iiimrum
918 4477 1027 4542 eymooi.
1044 4475 1174 4530 iecissim
1197 4474 1271 4528 iuti.
1294 4474 1411 4539 Proteus.
1429 4490 1454 4542 p.
1472 4477 1554 4531 xxiii.
1571 4481 1632 4531 nota
1650 4475 1676 4528 t.
1699 4476 1804 4542 quidem
1828 4477 1956 4538 reternnt,
1978 4477 2129 4542 Μανία
2150 4477 2246 4534 corto

386 4551 447 4603 torn
464 4559 526 4602 esse
544 4545 768 4612 coumuiionem,
784 4545 833 4600 sed
850 4545 928 4600 nihilo
947 4548 1033 4602 minos
1050 4549 1151 4600 troium
1165 4543 1291 4618 oswium
1308 4543 1430 4602 lahama
1446 4548 1474 4600 et
1491 4549 1653 4610 quotuor
1669 4545 1803 4602 nonam
1821 4545 1931 4602 turmae
1948 4551 2100 4612 proponunt

296 4632 368 4716 ‚vj
381 4632 615 4758 qitqeomqiqqiuadam
637 4631 701 4688 iocis
719 4631 887 4698 epuioinmm
904 4631 1075 4716 ticiauthonis
1097 4629 1228 4694 iodisttsri
1246 4631 1361 4701 videtum
1382 4633 1441 4688 ride
1460 4633 1545 4688 iorum
1566 4643 1592 4698 p.
1616 4633 1648 4682 ii
1672 4642 1710 4696 sn,
1731 4633 1793 4685 uota
1816 4631 1847 4700 ⁴)
1873 4633 2007 4688 mutatum
2035 4633 2151 4700 auosque
2179 4633 2248 4689 iutra

517 4717 539 4758 s

306 4787 365 4857 m)
382 4789 420 4844 io
438 4790 506 4844 hanc
522 4789 592 4842 enim
609 4787 749 4844 termulam
767 4787 908 4843 referenda
928 4800 989 4842 esse
1006 4787 1121 4852 coniicio,
1139 4778 1206 4853 quoe
1223 4787 1372 4843 iieiauiiiou
1389 4787 1425 4844 ad
1441 4788 1525 4843 iitour
1542 4785 1704 4841 theodorum
1723 4785 1748 4840 d
1765 4784 1809 4840 iti.
1827 4788 1884 4843 ioiii
1899 4789 2004 4854 ¹scripsit
2020 4789 2061 4853 (in
2078 4789 2155 4843 huius
2172 4788 2246 4854 corp.

381 4859 437 4914 iot
452 4859 488 4911 11.
506 4871 531 4924 p
549 4858 640 4925 iii.)=
663 4859 769 4924 „indus
791 4858 943 4914 hisdiebus
961 4860 1069 4923 questus
1087 4857 1309 4920 ostensionum
1327 4857 1459 4923 quendam
1476 4857 1603 4922 amicum,
1625 4857 1767 4910 caesarem
1789 4869 1872 4922 paene
1897 4859 1998 4915 tertiam
2023 4858 2111 4922 scripti
2127 4859 2169 4912 sot
2185 4869 2247 4925 par·

382 4927 616 5054 qqqqmqqqiqxirse:
639 4940 671 4982 rc
692 4928 809 4992 suspicor
837 4927 976 4994 praecipua
1002 4925 1062 4981 iinri
1087 4929 1242 4982 ornamenta
1269 4927 1359 4982 deleta
1380 4940 1457 4991 esse,
1481 4927 1531 4982 hoe
1553 4931 1610 4991 est,
1632 4925 1745 4990 insignia
1765 4927 1903 4984 mendacta
1924 4933 1953 4986 et
1975 4929 2156 4994 sycophantias
2173 4927 2247 4984 stoli·

236 5053 239 5062 ’
331 5084 365 5153 t)
382 5085 455 5140 nme
471 5082 628 5138 enemim
645 5082 729 5138 eon
744 5088 806 5138 enni
828 5081 914 5138 uren
938 5079 1056 5136 water
1071 5079 1099 5134 n
1115 5082 1133 5135 n
1148 5082 1304 5148 amnuo
1325 5081 1369 5139 au
1388 5083 1598 5152 miserem
1620 5087 1686 5148 im.
1709 5081 1864 5148 emoneo
1884 5095 1901 5137 e
1919 5083 2007 5150 som
2028 5083 2182 5148 emm
2210 5093 2249 5140 m

382 5155 500 5212 Batou.
517 5152 704 5217 mnemon.
721 5149 785 5218 iii,
801 5151 918 5206 christ
934 5150 1016 5208 tiuii.
1032 5151 1174 5215 snieier
1189 5153 1217 5206 in
1233 5153 1252 5207 i.
1271 5153 1419 5220 cessem
1434 5152 1594 5227 tidelm,
1612 5153 1780 5222 minuo
1796 5151 1906 5220 fmus.
1921 5155 1952 5206 et
1966 5150 2102 5218 ipolooto
2115 5129 2258 5221 tr'oslesa.⁴

381 5222 496 5280 meiat
512 5234 537 5288 p.
553 5221 654 5279 iiiiiiii.
672 5219 752 5289 (quos
769 5219 835 5277 duos
852 5221 935 5306 timos
952 5219 1022 5276 inira
1038 5219 1185 5276 armisius
1200 5222 1368 5291 rorensem).
1702 5229 1706 5238 ’
2151 5243 2152 5248 1
