4894 5672
237 269 315 344 ὅ.
603 271 645 340 ll.
682 268 921 345 ‘APQIrOElA
942 267 1260 346 munientem
1281 267 1602 342 sarbaram,
1636 267 1686 338 B.
1729 267 1924 347 ALTERA·
2204 275 2272 349 404

234 469 371 540 aarum,
392 476 561 546 eropus
581 470 735 545 operato,
755 454 1230 608 mdssmimtlraeoopera,
1348 457 1371 524 d
1400 457 1505 529 burm
1538 457 1688 529 ‚desinat
1744 457 1799 524 Ac
1830 461 1937 528 rerba
1962 458 2116 530 Danielis
2143 462 2179 530 lrr
2207 484 2272 553 σιμ

238 545 500 623 ‚eremo-reris
526 547 562 614 iu
588 563 680 614 noua
700 545 781 612 vita.
931 564 963 610 ru
985 553 1095 610 maren
1116 545 1230 614 rearis·
1294 545 1397 631 'agua
1428 539 1554 610 clarius
1587 543 1630 610 de
1656 553 1730 610 tote
1790 546 1969 634 canitentia
2000 545 2199 634 loquuntur,
2233 563 2268 623 at

201 675 204 682 ψ
244 632 377 698 rtrum
408 642 625 716 peccatorum
648 629 716 698 lide
743 629 852 715 accipi
876 626 961 696 vult'.
1003 627 1150 713 Ideoque
1170 631 1231 698 ad·
1281 626 1405 698 nlerins
1437 629 1694 714 promissionem
1727 641 1879 696 cerunt
1939 631 2085 700 Peccata
2117 648 2175 702 tua
2206 656 2267 722 pe

244 717 336 784 ditur
365 717 564 802 pro-inin,
597 716 657 782 Sic
687 714 904 784 senciendum
931 723 987 780 est
1011 715 1055 780 dc
1077 714 1231 784 omnibns
1280 715 1443 783 iusticiam
1464 716 1602 795 redime,
1624 727 1659 785 ct
1678 715 1869 800 iniquitates
1890 725 1967 782 tuas
1988 719 2162 804 beneficiis
2184 740 2278 809 arga.

235 797 410 868 etardum
440 799 538 870 locis.
591 799 748 869 Gltristus
774 799 946 886 praedicat
977 800 1229 882 poenitenciam,
1280 819 1459 886 pauperes.
1507 797 1602 868 llaec
1631 801 1735 866 verbe
1787 801 1971 886 raecipinnt
1996 803 2040 868 de
2060 816 2131 873 tota
2152 807 2266 892 poeai-

246 907 324 956 unrn
343 887 402 956 uit.
446 882 623 960 Remittite
636 899 680 954 et
702 889 794 954 addit
814 885 1086 971 promissionem,
1107 883 1230 952 Remit·
1280 887 1395 952 tentia.
1438 884 1555 952 labent
1577 885 1665 954 eninr
1686 897 1723 952 vt
1776 889 1955 968 minatus,
1982 889 2101 956 deinde
2123 893 2267 965 vtberre

245 983 336 1040 tatur
355 973 465 1040 vobis.
518 971 636 1058 Neque
658 992 739 1040 vero
760 971 829 1038 lrcc
855 971 951 1048 dicit,
978 971 1068 1056 qnod
1090 967 1149 1036 illo
1171 991 1232 1036 no·
1281 982 1452 1057 operetur,
1474 983 1521 1050 vt,
1544 973 1634 1057 qnod
1647 971 1750 1058 Regis
1773 971 1920 1040 officium
1941 985 2025 1054 erat,
2048 975 2191 1043 miseros
2213 977 2269 1046 ad·

246 1069 320 1124 atro
341 1079 457 1143 opere,
478 1079 554 1126 cunr
574 1058 782 1136 remittimus,
805 1075 991 1124 mereamur
1001 1057 1233 1124 remissionem
1281 1076 1403 1124 nereus
1424 1056 1576 1124 iniuriam
1604 1055 1772 1124 defendet.
1823 1057 1957 1124 laeticia
1979 1073 2090 1128 entem
2112 1075 2165 1129 est
2185 1059 2270 1130 fides

235 1153 479 1230 precatorum,
506 1149 677 1230 ex'opere'
696 1156 850 1230 operato,
878 1153 916 1210 vt
937 1153 1076 1222 vocant,
1097 1144 1159 1208 aed
1181 1162 1232 1208 re·
1255 1185 1261 1208 ,
1281 1143 1316 1210 in
1337 1143 1452 1212 eorde·
1481 1138 1700 1210 Redimnntnr
1721 1155 1833 1210 eutem
1854 1156 1996 1228 peccata
2017 1167 2078 1232 per
2099 1149 2270 1234 poeniten·

245 1229 347 1314 qn‘uit
364 1243 491 1296 nouam·
508 1230 629 1309 vitam,
651 1249 738 1317 quac
761 1239 853 1296 certe
874 1228 1158 1307 necessarieest,
1180 1227 1232 1295 ln·
1282 1229 1374 1310 tiam,
1395 1227 1429 1294 ld
1452 1238 1515 1308 est,
1538 1225 1697 1315 obligatio
1720 1248 1781 1296 sen
1792 1242 1906 1299 reatus
1917 1227 2061 1310 tollitur,
2082 1236 2160 1319 qnia
2175 1233 2272 1338 Depo

246 1315 342 1380 terim
363 1324 475 1381 temen
504 1311 576 1382 vult
602 1313 670 1380 iide
697 1313 772 1382 ecci
796 1313 806 1378 i
829 1314 1058 1380 remissionem
1080 1323 1233 1398 peceato·
1282 1313 1430 1400 ignoscit
1450 1315 1627 1400 agentibus
1649 1315 1891 1400 poenitenciam
1919 1317 2007 1382 sicut
2027 1318 2152 1384 Ezech.
2176 1321 2271 1404 xvirj.

246 1419 329 1466 runt.
372 1399 530 1468 Siccam
551 1400 598 1466 ait
617 1397 750 1478 Esaias,
770 1334 905 1484 litargo
925 1398 1083 1464 esurienti
1144 1418 1234 1477 nern,
1285 1399 1446 1484 scriptum
1468 1409 1539 1479 nst,
1567 1399 1684 1486 Neque
1712 1401 1793 1466 hinc
1813 1401 2073 1468 ratiocinandum
2096 1415 2161 1484 est,
2182 1409 2273 1492 qnod

245 1503 368 1552 nonam
400 1487 503 1552 vitam
535 1485 692 1570 requirit,
722 1484 797 1552 Nec
821 1481 990 1568 Propheta
1007 1485 1059 1552 tle
1085 1485 1093 1503 ⁶
1123 1505 1232 1550 ovno
1284 1486 1443 1571 ignoscet
1464 1495 1601 1571 propter
1619 1505 1723 1570 opera
1743 1488 1929 1574 sequentia,
1949 1500 2086 1572 propter
2107 1489 2273 1580 elemosy-

245 1589 373 1722 itt
436 1570 701 1723 liliisffmli
717 1568 1234 1740 ‘ttrttiittitttiiii
1283 1569 1619 1742 ttritlritittit
1630 1574 2273 1749 ,timerettfflttitiittttiir

375 1703 383 1722 ι
1219 1692 1233 1707 ”
1269 1713 1276 1720 ·
1875 1704 1899 1738 ‚p

245 1761 321 1810 runa
349 1739 417 1806 lide
445 1741 563 1826 accipi.
613 1740 715 1808 Certa
736 1752 790 1808 est
818 1741 904 1806 enirn
924 1745 1111 1820 sentencia,
1132 1761 1233 1828 quem
1284 1741 1420 1827 nisiqui
1428 1761 1508 1808 vere
1520 1741 1672 1820 credunt,
1691 1753 1725 1807 et
1735 1743 2137 1832 fidepeccetnmvincnnt,
2145 1761 2273 1819 etmor·

235 1823 360 1893 ullae
388 1825 513 1893 Portae
540 1825 721 1894 interorum
749 1837 901 1894 anamma
933 1835 1107 1909 poterunt,
1141 1825 1232 1913 qnod
1284 1839 1364 1894 teru·
1392 1825 1435 1892 lli
1450 1827 1558 1894 renati
1570 1826 1691 1912 dignos
1709 1823 1838 1898 fructus
1854 1830 2074 1914 poenitentiae
2085 1853 2205 1917 parere
2217 1835 2272 1924 de·

244 1911 281 1978 ln
301 1913 550 1996 praedicatione
571 1913 818 1997 poenitenciae,
845 1931 914 1979 non
936 1907 1084 1978 sufficiat
1103 1913 1234 1998 praedi·
1284 1915 1375 1986 bant,
1392 1911 1483 1978 sient
1502 1911 1737 1980 lohannesalt.
1762 1913 1824 1982 Est
1840 1915 1942 2002 igitur
1958 1917 2070 1984 addite
2081 1918 2272 2004 promissio,

245 1999 336 2062 aetio
415 1998 464 2078 ὀ,
492 1999 572 2084 qnia
591 1997 646 2065 lex
667 1999 748 2064 iram
771 2008 947 2083 operetur,
968 2006 1003 2062 et
1022 2016 1158 2082 semper
1178 2016 1234 2062 ao-
1283 1995 1375 2064 Ecce
1387 1999 1448 2062 erit
1458 1998 1589 2064 sanatio
1606 1995 1803 2068 delictorum
1814 2011 1956 2072 tuorum,
1974 2001 2098 2072 Hieron
2125 2025 2197 2070 mus
2216 2003 2273 2072 lric

155 2121 159 2130 ·
245 2093 356 2160 cuam,
424 2083 467 2149 ad
489 2095 621 2170 oportet
640 2083 721 2150 addi
741 2083 1022 2168 praedicationem
1042 2081 1234 2168 Euangelij,
1284 2095 1497 2168 praeternam
1509 2083 1634 2151 addidit
1645 2085 1860 2154 dubitatinaru
1871 2085 2079 2172 particulam.
2138 2087 2272 2158 tmulto

234 2168 339 2253 ‚qued
365 2169 413 2234 ita
441 2169 583 2238 donetur
611 2169 711 2236 nobis
742 2167 896 2237 remissio
935 2181 1170 2254 pcccatorum,
1204 2169 1235 2232 ei
1284 2169 1525 2253 imprudentius
1537 2169 1848 2258 incommentarijs,
1860 2175 2031 2252 contendit
2042 2176 2273 2259 remissionem

233 2254 425 2321 ursulanae
452 2256 553 2322 nobis
581 2255 702 2324 remitti
728 2265 870 2339 peccata
895 2265 1033 2338 propter
1054 2250 1233 2320 Christum.
1308 2266 1502 2322 eceatorum
1524 2254 1685 2322 incertam
1706 2275 1795 2321 esse.
1844 2257 1913 2326 Sed
1941 2279 2006 2324 nos
2029 2261 2272 2328 meminerimus

234 2336 384 2424 'Alioqui
416 2358 578 2426 quorsum
609 2359 696 2425 opus
728 2350 801 2406 erat
833 2335 1041 2425 euangelio,
1063 2359 1236 2424 «quorsum
1284 2276 1506 2427 liuengelium
1527 2351 1621 2406 certo
1642 2343 1837 2428 promittere
1858 2345 2091 2412 remissionem
2110 2329 2272 2430 peccat'o·

139 2479 147 2492 ,
231 2441 335 2508 -upus
357 2435 432 2492 erat
450 2424 597 2492 Christo.
642 2423 735 2492 llaec
756 2425 930 2493 sentencia
948 2442 1082 2509 semper
1102 2423 1137 2492 in
1155 2443 1236 2488 corr·
1284 2445 1368 2495 rura·
1410 2423 1455 2492 Et
1476 2425 1544 2492 lroc
1565 2423 1665 2510 plene
1687 2425 1789 2494 luerit
1808 2427 2031 2516 Euangelidm
2053 2429 2192 2511 tollere,
2214 2452 2272 2500 ne·

229 2547 241 2560 -
291 2519 368 2581 eottr
386 2528 468 2576 esee
488 2509 601 2589 debet,
622 2522 660 2576 vt
681 2531 703 2576 o
726 2509 804 2595 poni
851 2511 936 2574 essit
956 2507 1083 2594 hirqui
1100 2509 1235 2574 abiecto
1285 2529 1367 2597 gare
1396 2510 1487 2596 qnod
1515 2523 1609 2578 certo
1637 2513 1758 2580 debeat
1793 2517 1938 2599 promitti
1969 2517 2122 2584 remissio
2151 2537 2271 2604 pecce-

244 2528 398 2674 'tiresia
422 2591 541 2662 deleto·
555 2531 744 2681 arcangelo
831 2593 1070 2698 odetorquent
1091 2593 1235 2679 scriptu·
1284 2608 1405 2662 terrun.
1459 2592 1672 2667 Dimittemns
1705 2599 1806 2684 igitur
1836 2597 1903 2666 hoc
1936 2600 1970 2668 in
1998 2597 2075 2668 loco
2107 2603 2272 2672 Hieron·

230 2697 318 2759 rrae,
339 2681 383 2747 ad
404 2679 778 2765 bumauesopirriones,
801 2680 892 2765 quod
908 2699 1139 2756 reurrsaronem
1156 2697 1236 2766 pec·
1273 2701 1386 2760 auum,
1407 2677 1605 2767 Quanquam
1635 2692 1668 2748 et
1693 2683 1728 2748 in
1755 2687 1863 2766 verbe
1888 2687 2071 2754 redimendi
2091 2687 2217 2774 promis
2250 2708 2271 2752 o

227 2776 400 2836 -uuternm
426 2785 577 2838 marnoa
602 2767 730 2836 roseis
756 2765 933 2851 opertam,
958 2765 1018 2833 Sic
1044 2765 1133 2832 etin
1155 2783 1236 2839 con·
1285 2765 1482 2839 ostenditur.
1534 2765 1750 2915 Siqnllicatur
1776 2770 1863 2837 enim
1889 2773 1980 2858 qnod
2005 2769 2177 2838 remissio'
2192 2794 2272 2861 pec·

229 2849 541 2930 retenenrutettr,
573 2851 660 2924 fides
692 2851 895 2938 requirenda
923 2859 987 2916 est
1030 2847 1118 2916 Non
1147 2850 1236 2925 enim
1285 2860 1435 2927 catorum
1455 2851 1583 2936 possibr
1599 2853 1629 2918 is
1649 2854 1705 2934 sit,
1726 2855 1817 2940 quod
1839 2859 1970 2941 possiet
1987 2848 2103 2924 redimi
2120 2869 2272 2946 peccatu,

230 2935 389 3006 -rratebat
404 2934 528 3006 nutet
543 2935 677 3024 Regum
705 2947 836 3007 tantum
853 2933 1081 3022 ulernosynam
1108 3021 1117 3040 .
1182 2935 1234 3014 ’',
1282 2935 1319 3002 id
1340 2947 1413 3040 est,
1442 2933 1516 3004 tolli
1544 2933 1704 3026 obligatio
1738 2959 1801 3008 scu
1826 2952 1959 3033 reatus,
1989 2961 2050 3007 sen
2071 2942 2203 3033 placari⁸
2220 2934 2272 3031 ira

227 3025 310 3090 ¹»aad
324 3022 699 3109 dotampnanitenoiam
718 3019 968 3106 complectitur,
989 3041 1065 3088 cunr
1084 3033 1150 3103 art,
1282 3016 1362 3102 Der.
1410 3015 1481 3088 Sed
1507 3020 1694 3110 aduersarii
1727 3025 1852 3105 nostri,
1884 3027 2008 3112 vbique
2033 3031 2167 3096 omissis
2218 3051 2271 3109 rp-

246 3109 335 3176 rlirue
353 3119 497 3194 peccata
523 3118 582 3176 tue
603 3106 825 3195 elemosynis,
852 3107 888 3174 id
912 3117 983 3188 est,
1013 3106 1140 3177 redime
1159 3125 1236 3193 pec-
1283 3107 1520 3185 missionibus,
1547 3118 1675 3176 tantum
1697 3123 1877 3196 praecepte
1898 3113 2083 3194 intuentur,
2107 3109 2152 3180 Et
2172 3051 2271 3183 effin-

228 3203 325 3261 -ma
346 3204 423 3275 tua,
439 3195 631 3264 mutacione
652 3195 766 3266 cordis
788 3205 822 3260 et
844 3213 864 3257 o
890 3213 995 3262 marn·
1038 3183 1102 3259 llio
1122 3203 1235 3272 auteur
1284 3202 1370 3278 gunt
1392 3192 1579 3276 ¹hnrnanrrm
1610 3193 1819 3278 opinionem,
1884 3197 1951 3262 nod
1989 3207 2127 3284 propter
2167 3220 2271 3295 opepu

241 3290 283 3347 et
307 3275 395 3352 fides
423 3279 629 3364 requiritur,
647 3278 691 3344 Et
711 3275 837 3352 Deuicl
864 3215 907 3344 se
935 3273 1029 3348 cultu
1050 3279 1148 3345 vnins
1168 3275 1236 3348 Dei
1285 3277 1456 3364 confingat
1476 3279 1646 3360 remissio,
1665 3299 1740 3348 cnm
1760 3277 1828 3350 boc
1878 3295 1976 3350 ortus
1996 3304 2065 3350 non
2083 3285 2186 3366 dicut,
2209 3289 2271 3356 sed

226 3361 372 3445 ‚darach
391 3362 509 3434 multe
539 3366 571 3432 ei
599 3364 837 3444 concionatur,
865 3375 901 3432 et
921 3382 1039 3450 regern
1056 3364 1235 3444 conuertit,
1283 3359 1389 3432 multo
1417 3363 1525 3450 magis
1551 3362 1652 3432 fidem
1675 3368 1832 3452 requirat.
1875 3365 1961 3436 Nam
1984 3371 2172 3458 ubicunqne
2194 3391 2271 3456 pro·

226 3471 317 3521 w
343 3447 458 3520 aulam
483 3453 549 3519 adr
564 3449 781 3538 elemosynae
799 3446 1004 3536 largiendas,
1034 3449 1099 3516 aed
1129 3447 1236 3516 nnlto
1283 3449 1401 3518 adeam
1428 3460 1499 3530 est,
1528 3447 1576 3518 ibi
1604 3450 1689 3518 fides
1716 3453 1915 3539 requiritur„
1947 3453 2025 3522 Non
2049 3457 2137 3523 enim
2151 3467 2272 3551 potest

228 3538 360 3624 magis
384 3537 433 3602 ad
465 3535 577 3604 iidem.
632 3535 736 3604 Extat
770 3535 858 3604 onim
889 3555 951 3622 egr
996 3533 1005 3552 ⁰
1061 3533 1234 3618 consessio
1284 3533 1393 3618 accipi
1415 3535 1606 3622 promissio,
1625 3537 1691 3604 nisi
1713 3537 1790 3604 fide.

224 3619 528 3710 ‚flgisfdelleo
548 3618 666 3701 hanel
685 3622 765 3690 Non
785 3631 841 3688 est
860 3619 948 3688 uitur
1000 3640 1062 3688 cns
1082 3621 1139 3707 qni
1158 3640 1236 3706 pos·
1373 3615 1501 3686 Verum
1531 3639 1636 3708 opere
1659 3622 1842 3708 nmmum,
1861 3623 2053 3694 hominibus
2082 3627 2116 3695 in
2139 3625 2269 3723 ocdlps.

226 3708 296 3776 -·alt
319 3706 368 3774 ite
397 3704 542 3774 adnue
593 3707 709 3792 ltaque
734 3707 822 3776 «laec
853 3715 932 3773 sunt
957 3716 1078 3790 partes
1096 3707 1134 3772 ia
1153 3721 1236 3772 non·
1285 3701 1382 3771 Haec
1409 3701 1608 3773 naturaliter
1633 3709 1771 3774 miratur
1801 3704 1954 3791 hairtane,
1973 3712 2080 3792 ratio,
2123 3711 2166 3778 Et
2193 3715 2271 3798 qaia

224 3793 350 3861 terem
368 3789 542 3872 Deniebs,
562 3787 680 3860 Altera
701 3810 782 3878 pars
803 3804 875 3870 ast,
901 3809 988 3876 quae
1008 3790 1171 3876 praecipit
1193 3793 1237 3857 dc
1285 3799 1413 3859 tanturn
1445 3809 1548 3876 opera
1581 3795 1707 3874 cernit,
1735 3793 1834 3880 iidem
1866 3816 1934 3861 non
1960 3794 2133 3884 intelligit,
2162 3818 2271 3883 neque

225 3886 339 3953 marona
359 3879 442 3958 atta,
462 3888 496 3944 et
513 3877 672 3963 operibus
688 3895 799 3946 nouae
816 3877 917 3956 vitae,
936 3871 1058 3944 Altera
1072 3896 1154 3961 pars
1171 3886 1236 3960 ast,
1287 3875 1497 3978 considerat,
1519 3875 1599 3944 ldeo
1620 3879 1764 3947 somniat
1785 3874 1871 3949 lraec
1892 3900 1995 3963 opera
2017 3883 2137 3948 mereri
2240 3903 2270 3948 s·

237 3965 340 4052 qud
365 3958 490 4030 nnat
517 3961 677 4049 promittit
703 3962 791 4049 Regi
821 3961 1055 4030 remissionem
1081 3971 1235 4046 pcccato-
1285 3978 1414 4048 aronam
1436 3973 1651 4048 peccatorum
1677 3976 1711 4029 et
1738 3963 1931 4036 iustificare.
1954 3965 2070 4035 ,llaec
2091 3967 2203 4056 opinio
2237 3989 2271 4036 e·

225 4069 340 4129 --runr‚
377 4047 431 4116 Et.
449 4045 540 4116 lraee
570 4048 748 4132 montesio
770 4045 989 4134 ⁴remissionis
1021 4057 1237 4131 peecatorum
1285 4047 1339 4141 qis
1364 4045 1483 4114 haeum
1512 4043 1710 4131 naturaliter
1735 4049 1770 4118 in
1801 4051 1920 4116 animis
1944 4046 2134 4136 hominnm,
2159 4057 2270 4146 nequa

227 4129 1238 4308 rfflffltitatttitttrttt
2184 4142 2187 4150 ·

248 4306 322 4374 acal
358 4353 367 4372 .
410 4306 518 4375 Norat
537 4271 625 4375 edan
645 4301 769 4372 Daniel
796 4303 998 4388 promissam
1019 4321 1099 4384 esse
1119 4301 1237 4369 remis·
1708 4367 1714 4374 ,

231 4391 378 4463 telonem
397 4403 615 4478 peccatoram
636 4391 671 4461 in
689 4389 836 4470 Christo,
857 4409 926 4457 non
944 4384 1236 4464 roluutsmetitis,
1354 4389 1498 4442 monerem
1514 4388 1579 4440 nea
1602 4387 1733 4440 murum
1767 4357 1959 4492 m
1980 4399 2011 4446 vr
2028 4393 2125 4446 eretur
2141 4393 2269 4450 neren

247 4478 315 4545 Di
331 4479 432 4548 eii!
459 4479 616 4547 omnibu
635 4477 804 4564 gentibus,
824 4471 959 4561 Alioqui
979 4495 1048 4542 noll
1069 4475 1236 4559 pontimi
1354 4505 1459 4547 omnent
1475 4491 1643 4558 camdenum
1661 4500 1768 4560 oportet
1784 4495 1893 4550 credere
1910 4496 2054 4564 quoddqua
2064 4501 2100 4550 rit
2114 4507 2268 4580 cerepum-

246 4559 520 4651 aertpctaoerr
551 4562 784 4632 remissionem
813 4571 1039 4646 peccatorum.
1082 4559 1160 4628 Nan
1177 4569 1236 4630 est
1355 4570 1429 4612 error
1446 4562 1491 4612 dt
1605 4565 1608 4575 '

224 4649 503 4723 ..rmromm
588 4647 778 4722 meam-ru
798 4647 983 4714 remeans
1024 4647 1144 4726 meae,
1161 4646 1236 4714 stne
1388 4663 1442 4716 aa
1457 4677 1528 4716 aar
1551 4664 1671 4730 ,uram
1687 4665 1721 4716 rr
1743 4635 1824 4766 {132
1842 4666 1896 4720 rr·

251 4745 346 4802 oerto
381 4731 497 4802 Verbo
524 4668 658 4815 Illum
697 4743 845 4828 statuere
880 4733 923 4798 de
954 4753 976 4798 v
1091 4743 1127 4798 te
1156 4727 1235 4816 liei,
1356 4804 1383 4849 a
1403 4797 1482 4851 urna
1503 4799 1555 4865 Μ
1576 4800 1714 4854 mm
1735 4811 1864 4870 mmm
1884 4807 1956 4871 m
1977 4773 2150 4907 {ww
2169 4779 2267 4827 m

1973 4842 2149 4892 *intellectum
2176 4845 2267 4894 vernn

1348 4901 1457 4962 ²actibus
1474 4900 1615 4968 praetem.
1651 4903 1758 4966 Quanto
1774 4907 1859 4971 magis
1882 4910 1911 4960 ln
1927 4910 1969 4960 bis
1991 4909 2129 4974 celestibus

1354 4977 1429 5021 reeta
1443 4972 1565 5021 voluntas
1597 4973 1610 5101 ξ
1787 4974 1852 5026 tides

270 5041 362 5110 ⁸)aa
383 5039 445 5096 beu
466 5040 545 5096 reta
566 5041 732 5096 liutherus
754 5041 882 5094 mara
904 5037 1010 5094 turen
1034 5035 1175 5102 ,Queritur
1195 5049 1234 5090 eu
1355 5053 1433 5090 rerur
1449 5039 1596 5091 intellemus
1632 5019 1700 5071 qm
1717 5014 1759 5058 ⁸⁸²
1774 4978 1907 5109 {rurum}
1929 5010 2094 5074 '‘quidm“
2130 5009 2215 5077 (Htm
2231 5013 2265 5066 10·

316 5111 428 5166 reare
444 5110 566 5164 nmen·
583 5112 620 5162 m
633 5111 696 5166 nar.
730 5108 762 5162 sr
778 5107 847 5176 ner,
864 5122 928 5175 ego
944 5107 1010 5162 aaa
1031 5108 1235 5174 ,nequam
1355 5113 1447 5173 meu
1463 5108 1491 5160 a·
1513 5107 1623 5158 nram
1646 5109 1753 5178 eapte
1765 5111 1818 5232 {31'
1829 5108 1862 5233 3
1877 5113 1955 5234 rsse
1977 5111 2078 5163 amam
2100 5121 2124 5166 a
2145 5109 2267 5182 marm

322 5179 399 5232 &aar
424 5195 480 5232 erne
503 5183 578 5244 enine
601 5189 640 5234 eat
662 5179 770 5235 verbam
792 5179 871 5244 legin.
906 5177 979 5244 argo
1003 5191 1063 5230 cunr
1085 5177 1167 5228 verbo
1190 5175 1235 5228 del
1354 5177 1476 5244 maiae.
1504 5173 1617 5243 Spieker
1634 5175 1652 5229 l.
1671 5172 1767 5247 ipe
1928 5179 2061 5255 parata
2078 5179 2186 5254 defiet.)
