4888 5670
1126 139 1139 176 i

714 257 740 325 l.
784 248 1413 322 commendemens
1431 243 1786 374 AUGUSTANAB.·

224 445 326 514 eseli
357 444 460 522 Quod
481 445 582 527 ein)
601 448 694 514 imin
713 440 987 530 DieiAngmtiui
1005 440 1209 508 emendem

223 533 341 604 tidmn
367 532 506 622 crigirds
534 533 685 600 dicerent
715 527 1039 618 concupiscentiam,
1062 545 1148 614 quse
1170 527 1208 592 in

154 622 160 636 '
222 619 394 706 iteptiemo
414 631 587 705 peccem
608 639 688 688 sese
715 619 862 694 desinutr
876 619 932 694 ⁶²)
966 611 1210 700 ccoeptendom

224 715 331 786 met,
358 706 625 792 quondoquidem
645 719 681 773 et
709 705 800 772 icxis
821 701 911 770 boeti
924 705 979 778 θ’)
1012 696 1107 765 Penii
1135 718 1211 766 een·

121 818 128 828 ·
223 791 362 860 undem
388 809 509 858 ornnes
535 787 594 856 iiiii
620 793 692 858 iree
718 790 957 866 nescimcr⁸⁴)
988 784 1074 872 Epir.
1102 783 1142 852 ll.
1175 794 1212 852 et

223 877 261 946 in
275 876 387 944 scm
404 895 521 945 onmes
542 877 760 964 peccavimus
773 878 827 952 06)
849 872 947 940 Rom.
972 871 1012 937 V.
1026 874 1082 952 σο)
1171 905 1175 912 ·

297 1080 340 1154 [12
361 1085 447 1150 prime
469 1083 667 1137 confutetiouie
690 1079 806 1132 {ormule
821 1077 942 1132 remane
958 1077 1025 1146 dep.
1047 1073 1217 1144 Ourdemieeie

226 1153 349 1206 animm
365 1159 427 1207 tsete
450 1152 624 1206 Goobleeo
640 1154 668 1204 ic
684 1148 827 1217 Philippico
844 1146 882 1200 11.
900 1163 940 1201 er.
957 1145 1000 1200 bi.
1017 1146 1046 1197 ie
1070 1145 1154 1200 ctos
1176 1143 1216 1198 de'·

228 1221 469 1292 nidiepcrtqsoi.
489 1220 637 1274 cased.
655 1247 691 1258 -
708 1217 814 1272 teneat
833 1217 872 1269 eie
888 1215 1030 1281 sewum
1047 1221 1099 1268 este

356 1392 556 1459 lbeoiegorum
572 1391 721 1460 Responde
738 1391 767 1444 in
785 1389 924 1444 animum
939 1385 1091 1440 seeundum.

295 1511 374 1564 Esne
392 1527 495 1580 quoqne
513 1511 726 1576 consentionem,
744 1517 870 1578 quatenos
896 1505 1109 1568 catholicam,
1127 1511 1215 1570 gratu-

229 1581 338 1635 lebnndi
356 1589 531 1647 ecceptemus.
567 1581 683 1646 Nempe,
702 1593 793 1632 omues
814 1578 950 1640 homines,
974 1574 1116 1626 secundum
1140 1581 1217 1624 netu·

227 1665 285 1702 rem
306 1657 481 1717 propegstos,
504 1651 578 1702 nesci
602 1665 661 1700 enm
683 1655 808 1715 pecceto,
832 1645 904 1711 qnod
926 1641 1055 1710 origineie
1081 1657 1214 1694 voesmce.

227 1715 270 1772 De
288 1733 341 1785 quo
360 1727 414 1770 tem
432 1719 515 1770 mults
531 1725 594 1770 eunt
612 1720 640 1769 in
665 1717 800 1784 scriptoris
822 1715 987 1775 testimonia,
1010 1714 1164 1778 praesertim
1187 1711 1217 1761 iu

228 1787 347 1854 epistolis
370 1787 463 1851 Penii,
486 1793 516 1838 nt
537 1789 632 1838 mento
653 1785 893 1852 inpudentissimae
914 1784 1043 1833 iudicetur
1064 1779 1146 1830 icisse
1167 1778 1216 1832 Pe-

226 1855 322 1921 legins,
341 1857 386 1922 qui
403 1855 470 1908 illud
486 1869 586 1922 negere
606 1867 683 1908 eosne
701 1857 788 1907 inerit.
823 1853 859 1904 Et
875 1851 961 1904 edbue
978 1851 1061 1901 multo
1080 1849 1215 1918 impuden-

228 1926 309 1978 tiores
327 1926 468 1975 videantur
485 1923 568 1976 hodie
585 1925 719 1990 pleeriqne
738 1921 946 1976 concionatores
964 1919 1147 1988 &geniculi
1163 1915 1215 1968 Be·

227 1993 318 2057 eilese,
344 1993 459 2058 Turegl,
487 1992 660 2044 constantiore
684 2001 734 2044 ete.
758 1991 880 2056 discipuli
908 1989 987 2054 poulo
1014 1995 1075 2038 ente
1098 1985 1216 2049 Lctheri,

228 2077 298 2116 nnnc
326 2061 381 2112 eins
400 2062 558 2126 adversarii,
582 2075 710 2113 noverum
733 2069 864 2112 seeterum
893 2059 987 2120 duces,
1013 2059 1056 2122 qni
1081 2063 1216 2122 peceatum

229 2131 370 2196 originale,
378 2137 419 2181 tot
427 2131 539 2182 aesculis
557 2129 591 2181 sb
609 2131 753 2182 cuivcreeli
770 2127 892 2180 Ecclesia
910 2126 1068 2187 confessum,
1084 2132 1125 2175 tot
1142 2123 1216 2178 Con·

229 2199 298 2252 ciliis
315 2207 454 2262 mertum,
479 2207 520 2250 tot
540 2199 677 2266 eeripturie
695 2205 861 2260 meretum,
890 2205 951 2262 poso
979 2195 1130 2246 munerum
1153 2199 1215 2244 ente

227 2267 301 2322 mille
323 2282 408 2320 ennoe
431 2267 582 2334 Pelagium,
605 2268 690 2318 edbuc
712 2280 810 2332 negere
834 2280 889 2316 non
912 2271 1044 2315 serentur.
1078 2261 1214 2327 zuingiios

229 2337 298 2388 enim
315 2340 361 2401 eit,
377 2352 433 2388 non
450 2351 508 2388 esse
525 2343 676 2404 peccetnm,
694 2339 742 2388 eod
760 2335 888 2386 deiectum
905 2333 1058 2395 naturalem,
1075 2333 1143 2382 sicet
1159 2331 1215 2381 bei-

228 2404 324 2458 botire.
359 2405 395 2474 iit
410 2405 543 2469 Bneerns,
568 2409 687 2472 quemvis
708 2403 844 2472 bierpnrgi
866 2403 894 2452 in
916 2403 1028 2465 gretiam
1051 2400 1215 2452 Lntberauo·

228 2488 285 2528 tum
302 2481 453 2526 recentesse
471 2475 620 2538 videretur,
637 2476 717 2540 peulo
740 2481 800 2542 post
822 2481 910 2523 temon
925 2471 999 2522 illem
1020 2471 1103 2534 ipsam
1123 2483 1215 2518 meen-

228 2543 356 2664 aionem
373 2558 444 2596 nova
459 2543 607 2596 reeauterlt
631 2544 757 2610 epistole,
781 2541 955 2608 pervicaciter
973 2547 1110 2606 peceatum
1133 2537 1215 2602 origi·

273 2626 339 2665 ene
407 2650 414 2665 .

298 2626 439 2732 (leffium
455 2681 507 2731 iste
524 2677 748 2731 Ceneiocstorum
766 2677 892 2740 memtio,
916 2689 972 2728 non
995 2683 1035 2726 eet
1055 2687 1102 2742 per
1125 2675 1214 2725 omnis

228 2747 377 2814 tempure
395 2755 422 2800 et
438 2747 588 2802 Cethclice.
618 2745 744 2810 Primum
762 2746 825 2812 quie
840 2759 895 2796 non
913 2751 985 2795 recte
1003 2743 1137 2812 explicent
1152 2753 1214 2810 pet·

230 2824 319 2870 cetum
334 2815 454 2884 originis,
471 2817 542 2884 qnod
561 2816 635 2867 siunt
653 2829 710 2866 esse
727 2815 784 2865 sine
801 2813 942 2878 metnDei,
961 2815 1018 2864 aine
1035 2813 1132 2866 fidncia
1150 2825 1214 2876 erge

227 2885 329 2950 Deum,
354 2893 381 2938 et
403 2901 463 2937 cum
485 2885 705 2950 concupiscentie.
740 2883 790 2934 Est
816 2885 885 2934 enim
911 2883 998 2950 potins
1021 2881 1141 2934 cereolis
1168 2893 1214 2930 seu

223 2955 341 3028 privatio
358 2955 493 3022 originalis
509 2955 643 3016 institiee,
660 2967 738 3020 quem
759 2953 846 3004 iidem
862 2951 1039 3020 protoplestns
1063 2952 1141 3018 lupen
1164 2963 1212 3000 eoo

226 3025 353 3095 perdidit,
371 3024 406 3076 ed
423 3025 497 3076 cuins
513 3023 688 3091 perditionem
704 3033 794 3072 omnen
818 3022 949 3074 nascimur
965 3021 1014 3071 iiiii
1031 3021 1101 3084 iree,
1123 3025 1154 3070 ut
1176 3017 1215 3072 eit

229 3091 375 3159 Apostolus
391 3091 475 3216 iginus.
494 3091 520 3144 2.
541 3091 681 3144 caeterum
697 3091 755 3142 eine
773 3097 843 3141 metu
865 3091 919 3142 Dei
936 3097 964 3140 et
986 3090 1043 3140 sins
1065 3087 1163 3140 fidncia

222 3159 315 3218 vem
333 3175 398 3226 eeee,
450 3161 500 3216 bet
511 3162 596 3228 magis
613 3159 743 3210 rationem
760 3159 895 3227 culpabilis
917 3159 1067 3212 omissionis
1092 3165 1119 3208 et
1142 3163 1213 3208 ectu-

223 3229 284 3290 ¹elis
302 3243 379 3300 qnam
397 3229 535 3294 originslls
552 3230 664 3295 pecceti.
699 3227 791 3293 Nepos
808 3229 837 3280 id
854 3229 956 3294 pueris,
973 3229 1019 3296 qui
1041 3241 1117 3278 usum
1133 3227 1214 3278 retio-

221 3299 272 3359 ,nis
290 3299 407 3350 nondum
423 3299 530 3362 hebent,
546 3306 619 3350 recte
635 3301 786 3364 imputetur,
803 3297 851 3348 sed
868 3298 973 3348 edultis.

299 3367 413 3430 Deinde,
431 3367 538 3434 quondo
555 3368 662 3434 dieunt,
679 3366 731 3417 boo
754 3367 848 3418 vitium
871 3366 981 3434 originis
999 3378 1062 3416 rere
1078 3369 1215 3432 peecatum

231 3449 306 3500 eeee,
329 3437 442 3488 letenter
458 3437 590 3487 insincere
613 3437 737 3487 videntur
760 3435 935 3487 damnabilem
957 3447 989 3486 ee
1013 3433 1171 3500 ismpridem
1197 3446 1215 3483 e

231 3503 303 3558 Sede
318 3503 476 3570 epoetoiiee
493 3505 642 3556 damnamm
659 3519 774 3555 errorem
782 3503 893 3556 Lutberi
910 3504 959 3566 eui,
977 3503 1021 3570 qui
1038 3503 1134 3554 aseerlt
1150 3515 1214 3552 eon·

231 3574 419 3640 cupiscentiem
435 3588 498 3624 vere
518 3579 657 3640 peccatum
680 3586 751 3636 esee,
778 3575 857 3626 etin
879 3586 962 3640 puero
983 3579 1043 3637 post
1059 3571 1214 3636 baptismum

229 3655 294 3694 rere
309 3650 446 3709 peceatum
462 3655 605 3704 remanere,
620 3641 787 3706 fomitemque
804 3645 893 3704 ismm,
910 3641 1013 3692 etiemei
1030 3639 1131 3691 nnilnm
1147 3640 1215 3690 eeeit

229 3717 367 3778 peccatum
384 3712 496 3773 eotuele,
513 3713 641 3762 remomri
659 3713 771 3761 enimam
788 3711 821 3762 eb
839 3713 959 3776 ingressu
977 3709 1053 3761 coeli.
1082 3707 1134 3758 ilio
1150 3721 1214 3758 sene

218 3797 225 3804 ·
387 3786 429 3830 ea
451 3793 539 3842 error,
562 3781 616 3830 iem
640 3779 702 3830 oi'un
724 3779 827 3845 publice
850 3780 1004 3841 hume,
1024 3791 1079 3828 nou
1091 3778 1182 3828 solem
1198 3791 1216 3828 e

220 3779 431 3906 -ffleeee
445 3863 568 3916 ecpmno
584 3861 664 3914 septe
681 3849 812 3906 cimmerii
821 3849 908 3905 οοοοίο
917 3847 1057 3914 conitere
1073 3852 1101 3898 et
1117 3847 1215 3910 iudice,

230 4019 437 4036 m

190 4205 197 4214 .
227 4153 277 4226 ti)
295 4153 376 4219 Quod
393 4156 427 4222 ei]
444 4153 570 4222 Pssug.,
585 4154 687 4208 licum
706 4151 787 4217 Quod
804 4157 832 4208 el.
843 4153 981 4222 i‘riueipee

228 4240 277 4310 ti)
295 4240 425 4310 desinetrl
442 4241 556 4309 Piinge
575 4241 678 4306 decinit,
696 4240 795 4308 (Mon.
813 4259 850 4291 =
865 4239 973 4308 Deee.)

227 4325 278 4397 se)
295 4324 537 4394 seculorem.
556 4328 632 4382 reae.
957 4331 967 4336 ·

222 4411 277 4482 lt)
294 4411 440 4480 ndum]
457 4411 570 4467 liebus
586 4419 739 4466 mter.

227 4497 277 4565 dd)
295 4497 482 4566 peccemus]
499 4497 628 4564 tibure
645 4511 792 4565 peccemee.

228 4581 277 4666 db)
294 4584 372 4636 Rom.
395 4583 443 4652 v.1
469 4583 600 4650 chycce
622 4583 698 4636 Rom.
718 4583 742 4635 ’1.
770 4607 805 4622 -
825 4581 880 4634 Pro
902 4577 998 4632 eelim
1024 4578 1213 4645 ecceptendam

297 4659 388 4775 iffi
406 4647 882 4788 millitismilll
895 4645 1214 4784 &adibile

296 4792 392 4855 solum,
420 4790 492 4858 qued
516 4791 576 4842 istie
603 4789 702 4843 verbis,
717 4791 847 4855 ambiguis
870 4787 1016 4840 Leiberani
1039 4787 1142 4838 ertieuli
1157 4801 1212 4838 non

267 4859 277 4878 “
295 4866 461 4924 revocentur,
477 4861 524 4912 sed
540 4873 607 4925 pure
623 4857 828 4925 simpliciterque
851 4869 914 4912 eam
932 4859 1044 4912 mmet·
1067 4871 1088 4912 e.
1112 4857 1210 4910 retem

297 4929 430 4994 eceleeiee,
443 4929 576 5004 mnieeeie
589 4927 656 4982 tinet
674 4927 775 5010 edetur
807 4927 892 4983 bien.
911 4932 1002 4990 ecee,
1019 4930 1047 4978 et
1064 4923 1211 5046 Quietum

295 4995 397 5132 diffie?
404 4991 988 5133 eordepftm‘zumndaerffidm'iffiezg·
999 4991 1209 5125 mmm

295 5135 360 5199 elem
376 5147 466 5186 omues
483 5135 533 5203 diii
550 5137 605 5199 iree
622 5135 755 5188 nmmmur
770 5131 905 5202 Epirus.
923 5133 960 5186 lit
973 5135 1002 5184 iu
1015 5131 1102 5183 Atiam
1119 5138 1209 5183 omues
1250 5161 1255 5168 -

897 5197 900 5206 '
1151 5216 1154 5228 ·
1182 5218 1190 5232 ,
1261 5193 1630 5266 70)retie]1’fle.=m

295 5201 580 5270 peromnem
598 5205 622 5258 t.

440 5497 455 5536 Ι

1185 3089 1227 3139 m.

2114 163 2120 176 Ι

2199 253 2250 326 Ω
2357 325 2362 332 .

1258 456 1350 496 rerem
1367 442 1446 494 mm
1463 440 1667 496 saluberrimi·
1683 437 1903 496 Uniemeitetibee
1914 443 2068 508 nmmum
2079 445 2243 500 heuheu·

1260 517 1287 564 et
1303 509 1467 564 coloniensi.
1502 511 1615 578 Exque
1633 509 1755 578 deinceps
1773 524 1871 576 errore,
1890 511 1977 566 edhco
1993 514 2075 566 multo
2093 515 2197 580 peiores
2215 522 2243 568 et

1259 581 1426 632 nocentiores
1442 581 1553 648 pessime
1570 587 1629 630 estu
1645 581 1796 644 serpentino
1814 581 1917 645 elicuit,
1940 596 2076 646 umens,
2097 583 2200 634 loetum
2215 584 2245 634 in

1261 649 1332 701 omni
1351 663 1431 715 opere
1448 649 1518 700 bono
1537 661 1662 714 peccere,
1680 655 1708 699 et
1726 663 1793 715 opne
1809 649 1908 702 bonnm
1930 651 2125 717 eiiem.optimc
2146 653 2245 704 memus

1263 731 1321 770 esee
1335 725 1482 788 peccem,
1496 718 1648 784 etquidem
1664 717 1777 770 mortale
1793 719 1935 770 secundum
1952 720 2081 772 institiem
2097 722 2160 784 Dei,
2177 722 2250 774 reei-

1260 789 1306 840 ele
1324 801 1387 838 vero
1404 787 1546 840 secundam
1562 787 1770 838 misericordium
1787 785 1854 852 Dei,
1879 803 1911 838 eo
1934 789 2006 854 qnod
2022 790 2107 842 instes
2131 805 2185 842 uon
2205 798 2251 846 eet

1263 858 1321 906 aine
1344 859 1430 908 cernis
1453 856 1679 922 concupiscentie,
1701 870 1779 921 qnam
1801 870 1865 908 rere
1886 865 2023 924 peccetcm
2046 873 2106 910 eece
2126 859 2250 912 affirmat.

1264 925 1322 976 Nos
1340 925 1445 990 quidem
1462 925 1574 976 libenter
1590 925 1750 976 edmittimus
1768 933 1795 975 et
1812 925 1973 978 eiilrmemm
1996 927 2090 994 etiam,
2113 935 2251 993 peccetum

1266 993 1378 1056 originis
1404 1001 1465 1046 ente
1494 993 1649 1060 beptismom
1670 995 1699 1043 in
1721 1008 1802 1060 puero
1826 1007 1889 1044 vere
1911 1001 2050 1060 peecatum
2074 1011 2146 1059 esse,
2170 996 2251 1060 Quod

1266 1063 1386 1184 lini
1406 1071 1572 1184 iiim?
1594 1062 2250 1202 &irretiti-immiti

1558 1166 1568 1194 θ

1266 1199 1525 1321 mortonem
1542 1199 1772 1267 Concilioruche
1789 1207 1816 1251 et
1832 1209 1983 1254 senetornm
2004 1209 2108 1270 pau-um
2133 1205 2250 1270 subnixi,

1388 1283 1430 1320 ce.

1336 1371 1445 1433 Tertio,
1461 1370 1566 1437 quando
1584 1370 1683 1433 dicunt,
1699 1369 1735 1422 Et
1751 1373 1862 1429 comsit
1879 1387 1942 1426 rere
1959 1379 2104 1440 pmoetnm,
2122 1375 2276 1426 demnens·

1267 1440 1425 1492 studerent
1442 1455 1512 1491 nnnc
1529 1454 1632 1506 quoqne
1658 1447 1792 1491 aeternam
1815 1449 1924 1492 mortem
1946 1442 1988 1492 his
2012 1445 2057 1509 qni
2081 1441 2251 1496 renascuntur

1267 1524 1314 1574 per
1330 1509 1486 1576 bsptismum
1503 1517 1531 1560 et
1546 1510 1665 1574 epiritcm
1682 1515 1815 1572 mnetnm,
1840 1509 1927 1561 Verbe
1949 1511 2015 1562 heeo
2039 1513 2154 1564 maxime
2171 1527 2251 1578 nega·

1266 1593 1323 1630 mue
1341 1587 1370 1630 nt
1386 1581 1481 1630 ieeent
1516 1577 1639 1643 Benigne
1656 1585 1744 1628 tamen
1769 1579 2009 1645 iuterprseebimcr,
2036 1583 2124 1646 potire
2149 1581 2194 1632 bio
2211 1583 2250 1634 le-

1266 1661 1341 1712 psum
1358 1649 1513 1714 scriptorem
1530 1661 1608 1714 quem
1630 1647 1765 1712 Principes
1790 1650 1855 1699 istos
1879 1655 1906 1698 et
1929 1648 2137 1702 eoneiomtoree
2160 1665 2251 1704 eorm

1266 1717 1307 1766 ite
1324 1717 1430 1768 sentire.
1465 1713 1511 1770 Sic
1529 1717 1600 1767 enim
1615 1718 1723 1780 sentire,
1735 1729 1795 1768 ¹non
1812 1716 1887 1768 eliud
1904 1731 1973 1768 esset
1996 1733 2075 1784 quem
2098 1720 2251 1770 consentire

1268 1785 1452 1838 berberisslmc
1477 1785 1555 1838 eimci
1576 1793 1603 1836 et
1623 1787 1659 1838 im
1677 1785 1777 1836 iimimo
1801 1787 1887 1837 errori
1912 1795 2028 1838 veterum
2050 1786 2249 1854 Peterenoenm,

1267 1856 1312 1920 qni
1336 1855 1428 1907 diem
1449 1853 1638 1917 furiosissime,
1659 1801 1789 1906 iurum
1811 1853 1957 1920 bsptieetoe
1980 1870 2035 1908 non
2058 1857 2140 1908 levius
2162 1859 2250 1923 puniri

1266 1923 1436 1976 eetemelltor
1460 1939 1538 1990 quem
1560 1926 1676 1975 ietrones
1704 1929 1750 1975 ent
1775 1923 1929 1976 homicides.
1970 1925 2137 1978 Arbitrsmur
2163 1933 2251 1977 entem

1265 1995 1364 2060 potine,
1381 1993 1451 2044 hune
1469 2007 1526 2044 eese
1548 1991 1700 2058 Principum
1715 2005 1820 2043 sensum
1837 1992 1894 2055 irio,
1912 2001 1941 2044 nt
1961 2003 2098 2059 peccetnm
2120 1994 2250 2060 origieele

1265 2071 1401 2114 eeternem
1423 2061 1517 2114 efferat
1537 2069 1648 2112 mortem
1673 2061 1715 2111 his
1740 2063 1783 2126 qcl
1804 2076 1860 2112 uon
1882 2071 2056 2114 moereantur
2083 2077 2131 2128 per
2153 2065 2249 2130 beptie-

1265 2145 1336 2182 mum
1353 2139 1380 2182 et
1396 2133 1515 2198 epiritum
1537 2138 1665 2182 unctum.
1701 2128 1786 2192 Quem
1809 2143 1872 2182 sene
1895 2145 2000 2183 sensum
2023 2133 2162 2186 Getboliee
2185 2147 2249 2198 quo·

1264 2207 1406 2266 quetenet
1421 2199 1551 2264 liceleeie,
1567 2201 1640 2250 icxte
1657 2198 1724 2250 illud
1741 2199 1854 2264 cume,
1877 2199 1937 2252 Nisi
1959 2203 2017 2269 quis
2040 2209 2146 2252 renutus
2170 2201 2251 2252 merit

1267 2285 1301 2318 ex
1318 2283 1391 2390 effi
1403 2275 1435 2392 eg
1447 2271 1540 2336 spiritu
1557 2276 1658 2334 eeucto,
1675 2281 1730 2320 nou
1748 2275 1836 2334 potest
1859 2270 1957 2321 latrare
1974 2273 2002 2322 iu
2025 2284 2134 2336 regnem
2159 2270 2248 2322 coelo·

1264 2352 1325 2389 rum
1356 2353 1399 2389 o.
1437 2375 1445 2390 .

1334 2438 1430 2492 bitoito
1448 2442 1529 2506 igitur
1546 2446 1573 2490 et
1588 2441 1616 2490 in
1633 2437 1685 2490 boo
1702 2439 1813 2492 articulo
1835 2439 1989 2492 admonebit
2010 2439 2141 2498 Caeseree
2164 2441 2250 2494 licie·

1265 2517 1319 2560 etee
1335 2515 1424 2560 vestre
1440 2508 1577 2576 Principes
1594 2510 1670 2571 istos,
1687 2515 1717 2557 ut
1733 2511 1879 2574 synceriter
1895 2523 1943 2574 per
1960 2511 2048 2562 omnis
2064 2509 2108 2562 hio
2125 2525 2183 2562 oum
2199 2509 2250 2562 se·

1265 2577 1346 2629 cloria
1362 2578 1502 2629 Oetlrollca
1520 2585 1547 2628 et
1563 2577 1660 2627 senctis
1677 2577 1793 2643 patribus
1819 2577 1852 2630 de
1873 2585 1981 2646 peooeto
2005 2577 2128 2644 originali
2150 2582 2249 2632 sentire

1265 2647 1414 2714 dignentur,
1431 2649 1519 2714 potius
1536 2661 1615 2712 quem
1633 2661 1692 2695 cnm
1713 2648 1792 2696 novis
1815 2651 1944 2698 sectsrnm
1968 2647 2102 2699 sutoribus
2127 2655 2153 2698 et
2175 2649 2249 2700 duol-

1264 2715 1322 2778 bus,
1340 2717 1418 2768 verlie
1436 2716 1537 2766 involvi
1554 2715 1695 2766 erroribus.
1725 2711 1805 2766 Erret
1820 2714 2062 2782 qnippeLntberue,
2081 2717 2172 2767 dicens
2188 2731 2249 2784 pec-

1265 2791 1351 2836 estum
1368 2785 1499 2852 originale
1516 2791 1577 2851 post
1592 2783 1748 2850 bsptismum
1765 2785 1794 2836 ln
1810 2799 1893 2852 puero
1911 2799 2047 2836 remenere
2064 2793 2092 2836 et
2106 2799 2168 2838 vere
2185 2799 2247 2854 pec·

1265 2861 1350 2908 cetum
1368 2869 1434 2908 esse.
1470 2855 1550 2906 Erret
1566 2851 1755 2905 ltieleuchtiion
1773 2853 1879 2916 dicens,
1895 2851 2058 2919 Scriptnrsm
2075 2869 2131 2906 non
2156 2855 2249 2908 distin·

1264 2938 1346 2994 gnere
1363 2923 1433 2976 inter
1449 2931 1584 2988 peceatum
1603 2921 1708 2974 minsis
1725 2929 1753 2974 et
1770 2922 1910 2987 originale,
1927 2927 1954 2972 et
1968 2929 2105 2992 precntum
2122 2923 2250 2988 originele

1265 3007 1321 3046 esse
1347 2993 1476 3044 actcelem
1503 2992 1634 3058 quendem
1660 3005 1768 3058 prorem
1793 2992 1972 3057 cupiditatem.
2011 2991 2091 3046 Errat
2111 2991 2249 3060 zuingilue

1265 3063 1364 3127 dicens,
1380 3075 1477 3128 pueros
1495 3061 1706 3114 christianornm
1723 3061 1782 3111 sine
1798 3059 1926 3127 baptismo
1943 3061 2048 3112 selverl.
2073 3061 2153 3112 Erret
2165 3061 2249 3114 liber·

1263 3131 1361 3182 berdm
1379 3129 1542 3196 Vnidensee,
1559 3129 1704 3181 Petarenns
1721 3142 1815 3192 nome,
1833 3129 1937 3192 dicens,
1958 3143 2067 3196 puerum
2091 3130 2250 3196 baptizatum

1265 3207 1373 3253 marne
1387 3205 1474 3252 morie
1491 3199 1620 3252 demnarl.
1646 3197 1743 3248 lirrent
1760 3198 1872 3264 deniqne
1890 3197 2105 3268 (letabsptistee,
2122 3199 2248 3266 diomeee,

1262 3271 1353 3340 pneris
1375 3268 1532 3334 baptismum
1559 3267 1625 3318 nihil
1649 3267 1791 3334 prodesse,
1813 3267 1861 3318 sed
1883 3269 1968 3331 magis
1992 3267 2099 3320 obesse.
2133 3269 2170 3319 Et
2190 3269 2249 3336 quie

1263 3339 1371 3389 tandem
1389 3339 1439 3390 erit
1455 3352 1572 3390 errorum
1588 3336 1682 3388 modus
1699 3343 1745 3390 ent
1760 3335 1829 3401 nnis,
1846 3337 1871 3386 ei
1888 3337 2027 3403 unicnique
2048 3337 2123 3388 icxte
2146 3337 2250 3390 romule

1264 3421 1425 3460 eneconem
1443 3409 1592 3474 opinionem
1609 3403 1744 3471 effingere,
1762 3405 1835 3458 etin
1855 3407 1981 3472 populum
2005 3405 2128 3471 evulgare
2150 3407 2247 3460 dccet?

1265 3475 1353 3530 Setius
1372 3483 1411 3528 eet
1428 3476 1509 3541 igiter
1526 3483 1554 3527 et
1570 3474 1650 3526 multe
1669 3475 1808 3538 inlubrico,
1824 3487 1903 3526 unam
1921 3481 2019 3526 certem
2031 3475 2170 3528 Ecclesiae
2189 3489 2247 3528 seu·

1265 3548 1373 3598 tendum
1399 3547 1473 3610 sequi
1496 3551 1522 3594 et
1546 3543 1684 3612 empleoti,
1705 3559 1783 3612 quem
1805 3557 1854 3611 per
1881 3552 1923 3596 tot
1945 3546 2100 3612 opinionum
2122 3545 2248 3617 ambages

1263 3617 1357 3667 misere
1374 3616 1403 3666 in
1421 3629 1538 3666 errorum
1554 3613 1654 3680 Pelago
1671 3612 1807 3665 ilcetuere.
1824 3609 1863 3682 ⁸)]
2219 3607 2224 3618 ’

1570 3814 1645 3898 [Al
1665 3816 1783 3883 ertit·
1805 3814 1874 3897 lli]
1889 3819 1944 3895 ⁸⁷)

1351 3971 1390 4040 ln
1410 3971 1509 4042 tmeio
1530 3967 1674 4038 erticcle
1696 3965 1778 4038 οἱοῦ
1799 3979 1871 4048 est,
1937 3969 1984 4038 od
2011 3967 2246 4052 offendam)

1266 4079 1342 4128 cum
1362 4061 1503 4138 intest)
1523 4051 1696 4144 confessio
1718 4075 1794 4123 cn
1823 4075 1899 4144 sym
1958 4075 1979 4122 o
2006 4053 2248 4142 Apostolorum

1259 4157 1300 4214 et
1318 4163 1395 4214 cem
1414 4155 1511 4214 recte
1524 4147 1581 4223 ⁷⁰)
1598 4140 1678 4210 iidei
1694 4140 1820 4230 regule
1841 4144 2037 4222 coumiet,
2056 4139 2161 4209 iiliem
2180 4141 2247 4209 Dei

1264 4335 1472 4350 m

1185 4456 1187 4465 '
1280 4453 1857 4542 croceam-emeram:
1874 4467 2104 4535 emnem.

1263 4595 1312 4663 67]
1329 4593 1374 4646 nd
1390 4599 1440 4644 ert
1457 4590 1632 4659 11110001.
1655 4591 1684 4642 ie
1708 4588 1870 4656 insciptioee
1893 4587 1966 4658 den
2016 4605 2078 4662 opes
2100 4585 2174 4642 talc
2194 4596 2245 4648 err.

1292 4677 1296 4684 ·
1332 4670 1512 4730 ormontem:
1530 4657 1573 4711 De
1589 4659 1769 4712 incarnetione
1787 4657 1878 4721 verbi,-
1894 4657 1953 4712 itere
1994 4657 2246 4726 lingonum.
2324 4671 2336 4678 -

1330 4731 1394 4784 belo
1411 4730 1608 4798 Apostolorum.

1241 4853 1242 4858 κ
1261 4817 1310 4887 tt)
1327 4817 1399 4885 quod
1417 4813 1554 4882 offendet]
1575 4811 1698 4878 nerag:
1716 4813 1787 4878 qnod
1811 4811 1943 4866 confessio
1967 4813 2122 4882 Principum
2140 4811 2171 4865 0.
2188 4812 2246 4868 lie·
2338 4857 2341 4866 ,

1330 4889 1448 4940 ieetetem
1466 4884 1592 4947 ostendat,
1610 4881 1710 4934 Men:
1728 4883 1799 4950 quod
1817 4881 2210 4948 commoriendum,

1261 4971 1310 5040 ii)
1327 4969 1397 5037 tote]
1414 4966 1537 5040 i’ilcgm
1559 4976 1618 5021 tote
1634 4969 1714 5020 terme
1735 4967 1778 5037 [ie
1798 4963 1883 5020 idon.
1906 4985 1942 5018 =
1963 4965 2054 5020 Dese.
2079 4983 2127 5020 coe
2152 4969 2245 5034 ferme,

1329 5057 1394 5110 prece
1410 5038 1435 5094 i.
1453 5039 1470 5094 i.
1488 5055 1537 5092 ece
1554 5037 1592 5092 ed
1605 5054 1656 5102 roe,
1673 5035 1719 5089 eed
1733 5038 1770 5089 od
1784 5033 1862 5090 oeric
1883 5041 1979 5105 epectot
2000 5035 2078 5104 [eoas.
2105 5035 2245 5091 Weberi

1320 5115 1421 5172 enect-
1437 5109 1477 5172 nc
1490 5108 1555 5173 tete
1570 5123 1653 5164 coece
1668 5108 1696 5160 ie
1711 5106 1808 5162 Deae.
1826 5105 1852 5162 b.
1864 5122 1894 5176 p.
1913 5103 1967 5174 12}
1980 5103 2067 5160 delete
2085 5108 2146 5176 ee.)
