4894 5672
235 304 317 372 nol*
586 304 625 370 ll.
669 299 902 370 ΗΜ
922 299 1241 372 murmuras
1262 299 1581 372 AUGUSTANAE.
1625 303 1667 372 li.
1710 301 1902 374 ALTERA.
2045 345 2051 357 ·
2181 311 2255 380 dd!

234 489 1213 661 ammittat:transnatantes
1235 492 1241 624 Ι
1262 491 1646 664 taibtatfftltt
1664 491 1836 645 sitiit
1866 513 2006 648 ‘snm
2033 498 2116 668 ,tt
2143 509 2249 654 tn

246 667 626 838 ,attttsbttt
644 661 1213 833 lbttt‘nttttittttt
1262 659 1534 814 ibblltt
1559 661 1812 834 ,bittit
1842 685 1921 817 titt
1949 669 2177 821 illidii?
2199 671 2248 820 ii

233 837 341 910 fidem,
364 858 429 921 qua
451 837 528 902 iusti
549 799 851 919 repulsarum-quia
873 835 1037 902 oredimus
1055 855 1120 900 nos
1135 853 1212 916 pro·
1263 833 1342 898 dent
1364 835 1397 900 in
1419 792 1483 898 lale
1506 835 1657 906 doctrina
1679 837 1877 901 uberrimam
1900 838 2163 906 consolationem
2181 841 2246 908 sibi

233 935 309 1009 pter
330 921 497 988 Christum
526 921 652 986 habere
681 918 844 1004 placatum
866 919 985 986 Deum.
1028 921 1121 986 llaec
1143 916 1212 1004 pla·
1261 920 1423 1003 proponi,
1452 920 1543 1004 quod
1564 919 1721 987 videlicet
1749 923 1888 987 credere
1914 944 1956 988 ac
1983 937 2077 990 certo
2098 937 2246 992 statuere

232 1029 276 1076 ns
300 1019 380 1073 sunt
404 1020 439 1074 et
468 1005 563 1072 Euan
589 1003 654 1072 elio
681 1018 918 1080 consentanea,
946 1019 979 1072 et
1006 1027 1028 1072 a
1047 1007 1142 1072 sanis
1164 1007 1213 1070 in·
1262 1003 1402 1083 debent,
1431 1006 1520 1090 quod
1548 1019 1685 1091 propter
1707 1005 1875 1073 Christum
1902 1007 2051 1078 habeant
2078 1008 2244 1094 placatum

232 1092 337 1179 telligl
366 1106 520 1178 possunt.
564 1027 613 1158 lit
640 1111 683 1158 ex
710 1089 776 1156 hoc
803 1089 1020 1158 fundamento
1042 1089 1143 1158 tacita
1165 1094 1211 1159 iu·
1261 1101 1409 1171 patrem,
1440 1110 1509 1157 non
1541 1106 1678 1178 propter
1712 1107 1847 1158 nostras
1881 1096 2048 1175 iusticias,
2092 1110 2125 1162 et
2153 1099 2244 1183 qnod

231 1181 336 1246 dicari
380 1189 486 1256 usust,
507 1190 615 1263 quara*
633 1176 710 1242 fidei
732 1177 913 1243 tribuamus
935 1176 1212 1257 iustificationum,
1262 1171 1417 1240 Christus
1439 1177 1574 1243 adiuuet
1596 1189 1705 1244 tanen
1728 1191 1763 1244 vt
1785 1176 1897 1244 iacere
1918 1181 2015 1246 etium
2038 1180 2147 1267 legem
2168 1202 2244 1266 pos·

230 1287 301 1333 non
321 1201 518 1341 dilectioni,
540 1261 615 1328 atsi
643 1261 778 1328 dilectio
806 1261 906 1328 fidem
933 1265 1099 1350 sequitur,
1133 1267 1211 1350 qnia
1260 1261 1374 1326 simus.
1419 1259 1521 1328 llaec
1534 1275 1625 1328 tanta
1654 1266 1744 1330 bona
1765 1265 1908 1348 eripiunt
1929 1266 2103 1333 Ecclesiae
2125 1268 2243 1332 aduer-

231 1349 366 1418 dilectio
396 1364 448 1414 est
479 1347 633 1433 implecio
666 1345 761 1434 legis.
786 1400 789 1410 .
812 1347 858 1414 At
881 1347 1004 1415 Paulus
1026 1351 1125 1415 docet
1146 1370 1211 1416 nos
1261 1346 1340 1432 sarij
1363 1347 1490 1424 nostri,
1525 1369 1600 1412 cum
1631 1350 1803 1428 domnam,
1831 1371 1905 1416 cum
1940 1349 2051 1418 delere
2079 1365 2243 1418 conantur

229 1460 298 1504 non
319 1457 363 1502 ex
391 1434 484 1520 le'ge,
505 1435 569 1500 sed
590 1457 632 1500 cx
659 1435 880 1518 promissione
900 1435 1090 1513 iustificari,
1123 1455 1210 1521 quae
1260 1431 1445 1498 doctrinam
1472 1434 1515 1498 de
1541 1433 1674 1501 iusticia
1696 1435 1782 1502 fidei.
1834 1436 1985 1502 Viderint
2004 1441 2104 1524 igitur
2124 1457 2241 1504 omnes

230 1536 355 1590 tentum
388 1521 455 1586 fide
486 1522 659 1604 accipitur.
706 1520 825 1604 Neque
845 1521 932 1586 enim
953 1521 1145 1586 accedimns
1166 1522 1210 1586 ad
1259 1518 1369 1582 honae
1391 1530 1537 1597 mentes,
1566 1540 1609 1585 ne
1631 1521 1842 1587 consentiant
1869 1522 1979 1606 impijs
2010 1520 2159 1606 consilijs
2180 1525 2239 1588 ad·

229 1609 351 1685 Deum,
374 1609 447 1672 sina
470 1607 650 1672 mediatore
663 1603 812 1684 Christo,
832 1625 943 1690 neque
960 1607 1142 1689 recipimus
1160 1628 1210 1673 re·
1261 1602 1503 1682 uersariorum,
1537 1603 1572 1668 ln
1601 1606 1753 1672 doctrina
1772 1607 2040 1674 aduersariorum
2062 1611 2104 1674 de
2125 1607 2239 1674 iustifi-

229 1686 420 1760 missione'm
442 1703 656 1775 peccatorum
676 1702 814 1776 propter·
830 1702 979 1758 nostrem
989 1688 1209 1772 dilectionem,
1260 1690 1410 1766 catione,
1440 1709 1508 1754 non
1536 1690 1574 1755 fit
1607 1694 1730 1757 mentio
1757 1691 1898 1771 Christi,
1931 1695 2098 1780 quomodo
2132 1695 2240 1779 ipsum

228 1781 290 1846 sed
311 1788 449 1864 propter
471 1777 650 1856 Christum,
676 1779 728 1843 Ac
749 1797 792 1842 ue
812 1775 953 1862 diligere
974 1779 1106 1863 quidem
1129 1799 1209 1862 pos·
1260 1773 1439 1842 debeamus
1460 1794 1483 1838 o
1529 1779 1722 1842 onereirae
1746 1775 1829 1857 Dei,
1852 1781 2051 1864 quasivero
2072 1800 2137 1844 nos
2165 1799 2240 1864 pos·

228 1885 344 1932 sumus
373 1867 491 1929 iratum
518 1862 646 1940 Deum,
670 1862 712 1926 Et
734 1860 791 1928 lex
818 1881 952 1946 semper
974 1877 1112 1929 accusat
1133 1883 1208 1942 nos,
1259 1860 1362 1924 simus
1384 1861 1466 1924 irum
1523 1861 1553 1924 el
1575 1859 1751 1929 dilectione
1772 1865 1916 1940 vincare,
1938 1877 1996 1931 aut
2017 1863 2155 1950 diligere
2172 1865 2240 1930 De·

228 1971 362 2036 semper·
383 1951 531 2014 ostendit
555 1949 674 2015 iratum
699 1948 817 2014 Deum.
860 1947 1011 2014 Necesse
1034 1963 1090 2015 est
1110 1951 1209 2036 igitur
1260 1965 1315 2010 nm
1338 1946 1458 2010 iratum
1477 1947 1658 2030 possimus.
1702 1947 1757 2012 Ad
1779 1950 1865 2015 haec
1893 1952 2120 2017 conscientiae
2140 1949 2239 2016 relin-

227 2055 292 2104 nos
325 2036 417 2121 prius
452 2035 518 2100 fide
543 2032 795 2120 apprehendere
816 2034 1085 2115 promissionem,
1118 2038 1209 2121 qnod
1260 2041 1404 2113 quantur
1431 2033 1589 2097 incertae.
1633 2033 1669 2100 st
1692 2035 1777 2099 enlm
1807 2037 1884 2104 ideo
1905 2037 2031 2102 sentire
2054 2039 2178 2102 debent
2199 2055 2239 2101 se

268 2133 365 2208 opter
386 2119 554 2187 Christum
610 2131 684 2184 ater
712 2121 757 2184 sit
784 2118 953 2204 placatus,
982 2133 1015 2186 et
1042 2121 1207 2208 ignoscat.
1259 2112 1384 2181 hahere
1405 2115 1515 2182 Deum
1541 2114 1726 2201 placetum,
1754 2120 1831 2206 quia
1853 2117 2010 2208 diligunt,
2032 2123 2109 2207 quia
2130 2120 2239 2207 legem

256 2220 352 2274 ostes
379 2207 553 2291 incipimus
583 2140 691 2289 ldgem
719 2202 845 2272 lacere.
889 2205 1013 2272 Procul
1036 2229 1057 2272 a
1078 2208 1208 2273 ratione
1258 2197 1401 2278 iaciunt,
1433 2201 1574 2286 Semper
1601 2205 1754 2272 dubitare
1782 2225 1925 2272 necesse
1945 2221 2016 2285 est,
2049 2221 2159 2273 vtrnm
2183 2207 2240 2271 hs·

225 2294 382 2371 humana,
415 2289 534 2378 procul
565 2291 717 2356 alloise
750 2291 920 2376 reijciendi
954 2304 1034 2358 sunt
1063 2291 1152 2358 oculi
1173 2294 1207 2359 in
1259 2287 1397 2354 beamus
1418 2286 1528 2354 Deum
1549 2285 1727 2373 placatrnm
1748 2293 1826 2377 qaia
1847 2289 2054 2358 dilectionem
2076 2289 2165 2358 illam
2182 2303 2240 2358 aut

227 2379 417 2457 Christum,
441 2389 474 2442 et
496 2378 728 2457 senciendum,
752 2379 842 2463 quod
865 2372 1021 2444 Christus
1043 2381 1087 2443 sit
1108 2379 1207 2444 nobis
1258 2391 1327 2438 non
1348 2374 1504 2451 sentiunt,
1527 2385 1563 2439 vt
1584 2373 1728 2442 fatentur
1749 2378 1944 2450 aduersari,
1969 2390 2026 2444 aut
2048 2391 2141 2444 cette
2162 2397 2238 2443 sen-

194 2463 399 2542 .donatus,‘
430 2475 466 2528 rt
498 2473 635 2548 propter
668 2483 743 2528 eum
775 2464 853 2528 iusti
884 2474 1091 2544 reputemur,
1123 2461 1207 2549 Legi
1259 2459 1344 2526 tinut
1374 2455 1474 2524 valde
1502 2461 1656 2546 exiguam
1685 2481 1780 2539 esse,
1810 2473 1844 2528 et
1871 2399 1974 2528 multo
2003 2466 2139 2550 saepius
2162 2483 2238 2529 sen·

225 2569 393 2634 nunquam
415 2551 448 2614 in
471 2569 572 2612 carne
592 2545 827 2613 satisfacimus.
870 2547 919 2612 lta
939 2549 1040 2634 igitur
1060 2549 1138 2615 iusti
1156 2569 1208 2614 re·
1259 2543 1343 2610 tiunt
1370 2562 1409 2608 se
1435 2545 1536 2609 irasci
1557 2545 1679 2612 iudicio
1702 2544 1784 2625 Dei,
1810 2551 1866 2632 qni
1889 2548 2065 2614 humanam
2086 2560 2239 2614 naturam

160 2689 164 2706 .
225 2647 392 2722 putamur,
425 2654 493 2700 non
525 2644 663 2717 propter
694 2630 821 2719 legem,
853 2634 915 2699 sed
943 2645 1081 2719 propter
1114 2633 1206 2700 Chat,
1258 2628 1370 2696 multis
1400 2628 1603 2697 terribilibus
1629 2629 1730 2698 matis.
1754 2635 1925 2717 opprimit,
1953 2635 2119 2700 aerumnis
2140 2634 2240 2700 huius

226 2733 326 2797 stum,
349 2722 426 2804 quia
447 2720 544 2784 huius
567 2720 684 2784 merita
705 2720 805 2784 nobis
825 2719 1002 2798 sinuantur,
1023 2721 1053 2784 si
1076 2723 1108 2786 in
1131 2741 1207 2786 anm
1259 2717 1359 2794 ritae,
1381 2716 1563 2782 terroribus
1585 2728 1746 2784 aeternas
1762 2721 1839 2784 ‚irae
1862 2731 1926 2786 etc.
1975 2718 2117 2793 Quando
2138 2722 2239 2805 igitur

225 2807 404 2873 mannua
439 2805 492 2872 =Si
515 2804 590 2889 quis
621 2805 720 2889 igitur
745 2804 831 2870 haec
860 2800 1075 2872 fundamenta
1096 2808 1207 2873 consi·
1257 2802 1463 2885 acquiescet,
1485 2803 1619 2885 quando
1640 2803 1705 2868 erit
1724 2817 1848 2888 pacate
1866 2806 2095 2872 conscientia?
2127 2805 2240 2879 Quan-

226 2892 409 2970 derauerit,
437 2891 528 2976 quod
555 2910 622 2955 non
643 2889 861 2956 iustihcemur
882 2909 925 2956 ex
946 2887 1040 2977 lege,
1061 2893 1140 2978 quia
1159 2889 1207 2958 la-
1258 2887 1303 2952 do
1331 2885 1577 2972 diligetDeum
1603 2889 1637 2952 in
1664 2887 1730 2954 hac
1750 2890 1975 2968 dubitatione,
2002 2893 2037 2958 in
2057 2892 2110 2958 his
2133 2906 2239 2957 terro·

226 2999 302 3068 gem
335 2974 401 3042 Dei
431 2976 576 3042 humana
603 2985 725 3042 nature
753 2995 821 3042 non
847 2988 963 3058 potest
987 2977 1125 3057 faeere,
1138 2999 1207 3062 nou
1257 2972 1374 3038 norst
1428 2971 1516 3046 Quid
1549 2985 1602 3038 est
1628 2971 1719 3040 aliud
1745 2976 1832 3040 haec
1859 2978 2012 3042 doctrina
2037 2973 2142 3064 legis,
2174 2979 2242 3042 nisi

225 3074 338 3152 potest
367 3060 478 3128 Deum
510 3059 669 3146 diligero,
701 3062 762 3126 sed
793 3061 884 3146 quod
914 3062 1131 3132 institimus
1163 3085 1206 3130 ex
1258 3057 1410 3150 doctrine
1420 3060 1674 3142 desperationis.
1701 3059 1754 3126 Ac
1774 3062 1914 3146 prodeat
1932 3059 2051 3148 aliquis
2069 3062 2240 3128 exaduer-

224 3149 465 3296 promissionffi,
481 3146 540 3298 t‘in
567 3165 640 3296 pap·
665 3144 1007 3296 ρςορῖαὲὴτίβὲυω
1030 3150 1207 3298 {proripuisse
1256 3143 1584 3294 isasrdjdil‘thllhcm
1602 3164 1674 3292 ιιὶιοο
1695 3146 1737 3226 de
1759 3145 2051 3296 haldd‘sseolone'·
2069 3149 2243 3298 quflimodo

224 3247 831 3404 leddalligcdtnhedcdddridstldhdeddahl
847 3253 1207 3401 csddiddta'hfficdtipadeni
1257 3249 1604 3382 tdntumlgvccabdlndm
1625 3249 1814 3382 ddhsclisollius¹
1840 3245 2138 3388 adhalnllellddddm
2146 3242 2241 3384 gdend’

225 3406 324 3484 fidei,
347 3405 376 3468 si
398 3404 497 3470 modo
518 3403 677 3488 cogitabit
700 3400 869 3470 Christum
891 3425 959 3470 non
981 3401 1207 3471 essafmsua
1259 3399 1352 3476 dunt,
1367 3399 1620 3483 sicutpnrietes.⁴
1649 3400 1746 3466 Adeo
1764 3399 2242 3482 confusaetobscuraesteo·

248 3487 641 3568 romissnm,exhibitum‚
654 3498 780 3566 natum,
798 3493 1205 3572 passumresuscitutum,
1257 3485 1508 3564 rumdoctrina,
1525 3483 1568 3550 Et
1587 3482 1728 3572 gloriam
1740 3482 1865 3561 Christi
1882 3485 2085 3555 transfertin
2096 3488 2242 3557 humana
2274 3481 2279 3494 '

225 3514 893 3744 hittlbtttttttst't
919 3575 953 3640 ¹¹¹
976 3573 1207 3728 illidii
1258 3567 1730 3741 ttttttttttbtttttl
1745 3573 2242 3728 btttttt’dt‘bttli

226 3749 338 3816 statim
351 3705 380 3811 'a
403 3681 706 3830 pnndptoiauddt
727 3746 757 3808 si
775 3681 1209 3830 eogitaditnhromissionenl
1257 3742 1324 3827 pijs
1356 3743 1521 3809 mantibus
1542 3737 1641 3810 facile
1667 3741 1825 3830 intelligi,
1859 3754 1893 3810 et
1913 3681 2088 3831 sperandi
2120 3745 2241 3812 afferre

226 3836 297 3901 fide
321 3831 550 3916 accipiendam
576 3847 672 3908 esse,
699 3831 786 3896 sicut
807 3829 974 3898 lohannes
995 3833 1112 3918 inquit,
1143 3833 1208 3906 Qui
1258 3825 1507 3912 perterrefactis
1540 3829 1755 3916 conscientijs
1783 3831 1872 3914 piam
1902 3843 1935 3894 et
1962 3829 2131 3896 salubrem
2159 3851 2239 3897 con·

141 3991 143 3994 ,
226 3941 295 3987 non
323 3917 428 3984 credit
457 3912 551 3994 Deo,
584 3916 777 3982 mendacem
809 3911 1007 3994 faciteam,
1041 3920 1118 4002 quia
1140 3937 1209 3982 non
1260 3909 1476 3992 solationem,
1501 3913 1586 3978 Nam
1615 3917 1705 4000 quod
1727 3915 1910 4000 aduersarij
1939 3912 2138 3981 cauillantnr
2158 3913 2241 3981 mul·

227 4006 336 4074 credit
361 4005 400 4067 'iu
426 4002 665 4080 testimonium,
693 4003 783 4085 quod
812 3998 1010 4091 testificatus
1033 4017 1086 4068 est
1113 4002 1209 4069 Dens
1260 4011 1315 4064 tos
1341 3999 1480 4084 impios,
1510 4017 1551 4064 ac
1573 3998 1726 4066 diabolos
1749 4001 1848 4066 etiarn
1870 4001 2020 4080 credere,
2045 4001 2154 4086 Saepe
2174 4003 2240 4068 iam

227 4092 271 4158 da
293 4087 362 4155 filio
390 4108 471 4166 suo,
500 4085 541 4154 Et
562 4083 628 4150 hoc
650 4097 702 4152 est
724 4088 963 4166 testimonium,
995 4089 1086 4171 qnod
1108 4089 1209 4154 vitum
1261 4084 1404 4150 diximus
1433 4103 1498 4150 nos
1519 4086 1563 4151 de
1583 4085 1649 4150 fide
1669 4086 1703 4152 in
1724 4084 1904 4165 Christum,
1925 4085 1991 4151 hoc
2012 4097 2083 4165 est,
2111 4088 2153 4152 de
2175 4087 2241 4154 fide

228 4189 398 4243 aeternam
429 4174 521 4240 dedit
552 4172 648 4236 nobis
670 4172 783 4251 Deus,
812 4184 846 4238 at
874 4173 961 4239 haec
986 4174 1056 4240 rita
1083 4174 1118 4239 in
1139 4172 1209 4239 filio
1261 4169 1472 4237 remissionis,
1494 4181 1726 4254 peccatorum,
1755 4169 1797 4236 de
1824 4171 1890 4237 fide
1918 4191 2004 4256 quae
2034 4192 2114 4238 vere
2143 4185 2176 4239 et
2197 4194 2241 4240 ex

229 4263 301 4328 eius
324 4272 386 4326 est·
431 4258 494 4331 Qui
522 4258 625 4325 habat
646 4257 766 4337 tilium,
795 4255 896 4324 hahet
918 4259 1036 4338 vitam,
1087 4259 1121 4324 ui
1141 4278 1210 4324 non
1262 4255 1365 4322 corde
1395 4257 1577 4322 assentitur
1602 4257 1813 4340 promissioni
1843 4260 1971 4342 gradec
2000 4255 2103 4342 loqui.
2146 4259 2240 4327 Haec

228 4347 330 4412 habat
359 4344 462 4434 filium
487 4343 570 4422 Dei,
603 4344 705 4409 vitam
736 4365 803 4412 non
835 4341 948 4409 habet.
991 4343 1035 4410 Et
1108 4345 1210 4410 ristus
1261 4361 1330 4407 non
1361 4337 1414 4419 ot,
1447 4342 1521 4408 sine
1547 4361 1601 4406 ma
1626 4362 1670 4407 no
1697 4360 1810 4428 agone
1834 4343 1870 4406 in
1897 4343 2053 4410 cordibus
2076 4341 2241 4424 humanis,

229 4434 285 4512 ait,
307 4432 343 4498 Si
365 4451 428 4496 vos
456 4429 546 4496 filins
567 4426 775 4508 liberauerit,
798 4449 878 4496 vere
905 4426 1000 4495 liberi
1023 4431 1125 4494 eritis.
1167 4427 1212 4498 Et
1261 4425 1306 4492 Et
1332 4424 1483 4492 homines
1509 4427 1582 4492 sani
1603 4361 1710 4494 laone
1741 4429 1889 4496 iudicare
1915 4441 2057 4513 possunt
2089 4429 2182 4496 illurn
2204 4431 2241 4495 fi·

229 4516 368 4596 Paulus,
389 4515 456 4581 Per
472 4514 563 4583 hunc
584 4516 745 4582 habemus
768 4534 946 4582 accessum
967 4517 1011 4582 ad
1029 4513 1156 4593 Deum,
1174 4527 1212 4580 et
1263 4513 1350 4590 dero,
1372 4530 1459 4596 quae
1480 4513 1585 4582 credit
1604 4533 1668 4580 nos
1688 4535 1710 4580 a
1728 4511 1804 4580 Deo
1827 4515 1958 4600 respici,
1980 4516 2077 4582 nobis
2097 4517 2241 4604 ignosci,

230 4605 344 4681 addit.
355 4621 416 4686 per
437 4601 550 4677 fidem,
571 4599 653 4667 Fide
674 4603 774 4688 igitur
793 4602 828 4666 in
850 4599 1030 4678 Christum,
1052 4602 1213 4686 accipitur
1263 4617 1326 4664 nos
1348 4598 1515 4678 exaudiri,
1547 4619 1616 4665 rem
1639 4619 1719 4665 esse
1747 4617 1788 4666 sn
1813 4620 1852 4665 ra
1873 4611 2045 4678 naturam,
2077 4602 2162 4668 Nam
2182 4603 2245 4667 hn-

229 4687 944 4842 t‘ttffl¹⁰s⁶ffl³t⁸¹⁰¹¹t3t²t⁰⁸tttbt
961 4686 1213 4839 liminii
1263 4693 1381 4834 stt:
1407 4685 1783 4838 sitient-{⁶3¹¹
1808 4683 2240 4838 '0‘il⁰a‘·¹b3·i⁰a⁵¹2i¹h‘·

231 4795 310 4928 llh¹
333 4793 630 4944 poddlpicuod,alt¹hnr
657 4795 834 4926 methcha
867 4795 973 4938 suntl.
992 4793 1214 4925 vtgddiremur
1264 4790 1336 4922 desq
1353 4789 1499 4934 camede
1531 4877 1597 4943 qua
1623 4791 1825 4942 lquuimuerpu
1842 4795 2024 4924 Praetdrea
2047 4793 2155 4942 'siquis
2178 4857 2243 4924 So·

231 4958 360 5014 mntnm
381 4965 461 5026 esse
480 4941 625 5010 furorem
647 4945 915 5012 aduersariorum
935 4955 973 5009 vt
989 4942 1074 5008 haec
1091 4953 1214 5010 vocent
1263 4939 1374 5028 phista
1396 4939 1578 5023 cauillatur,
1595 4941 1762 5010 iusticiam
1779 4943 1812 5010 in
1830 4940 2001 5009 voluntate
2018 4961 2108 5020 esse,
2137 4961 2243 5027 quaro

232 5033 268 5100 ‘m
289 5031 432 5098 dubium.
475 5027 655 5098 Manifesta
676 5029 833 5118 ᾰπόδςιξις
851 5041 917 5109 est,
939 5049 1015 5096 cum
1037 5049 1104 5097 non
1122 5029 1214 5095 insti·
1264 5047 1334 5094 non
1353 5029 1464 5111 possit
1486 5027 1584 5094 tribui
1605 5027 1701 5106 fidei,
1723 5047 1808 5134 quaa
1828 5030 1863 5094 in
1884 5025 2055 5094 intellectu
2075 5041 2138 5108 est,
2160 5025 2242 5095 saci·

234 5115 374 5184 ficemur
401 5135 515 5185 coram
536 5116 611 5182 Deo
640 5137 683 5186 ox
710 5116 803 5202 lege,
833 5117 894 5202 sod
915 5135 965 5182 ex·
979 5115 1213 5198 promissione,
1261 5110 1384 5182 lisest
1404 5115 1599 5199 responsio,
1624 5115 1702 5199 quia
1729 5113 1786 5178 asti
1806 5115 1840 5178 in
1862 5110 1990 5180 scholis
2012 5112 2112 5180 etiam
2135 5111 2241 5180 laten·

235 5204 326 5290 quod
343 5203 547 5270 accessesit
562 5197 642 5270 tidei
658 5204 804 5272 tribucre
820 5199 1213 5274 iastttudtomasttutr
1263 5211 1319 5266 tur
1340 5195 1543 5268 voluumtcm
1564 5199 1729 5286 imperare
1748 5197 1950 5279 intellectui,
1977 5210 2015 5266 vt
2030 5199 2244 5267 -assancietar

1947 5402 1953 5413 1
