4888 5670
204 276 251 344 aa
446 263 450 386 j
649 273 763 342 run.
785 269 1100 342 renascamur
1121 269 1394 340 noemenias
1414 265 1785 342 anammomca‘
2177 233 2223 347 el

205 470 293 546 garet
313 470 406 544 atque
427 464 580 526 inventmn
602 465 665 527 sihi
686 463 865 526 mittendum
884 471 1010 526 curaret.
1056 462 1088 524 ls
1109 463 1253 544 precihus
1271 461 1322 524 his
1345 462 1496 524 henevole
1518 461 1699 543 indulgens.
1728 463 1805 534 hac.
1825 469 1988 544 postquam
2010 465 2050 526 in·
2069 462 2219 530 emnam

206 547 305 612 Ducis
326 550 544 612 Wimarieosis
566 549 679 611 frastra
700 551 910 631 quaesiverat,
932 550 1052 612 modern
1076 550 1106 610 in
1129 551 1251 612 scriniis
1269 549 1299 608 h.
1319 547 1447 610 Weberi
1469 549 1592 620 invenit,
1615 548 1768 628 huiusque
1790 549 1911 611 viduam
1934 549 1994 612 lide
2015 569 2075 612 sua
2090 553 2220 633 interpo-

206 637 269 699 sita
290 637 462 706 commovit,
485 643 519 697 ut
541 637 688 717 integrum
715 636 935 718 apographum.
962 635 1044 715 qnod
1066 655 1125 696 non
1155 635 1389 718 conlutatiooem
1419 636 1620 715 germanicam
1649 633 1766 707 solum,
1790 635 1850 698 sed
1881 635 2063 698 fasciculum
2095 656 2219 720 quoqug

206 721 355 785 Actorum
386 721 576 802 publicorum
610 721 649 782 ad
681 721 808 786 eandem
841 723 1043 804 spectantium
1076 727 1108 783 et
1132 723 1162 781 in
1195 720 1338 784 Comitiia
1361 723 1600 804 conscriptomm
1623 721 1813 793 continebat,
1841 720 1991 784 benevola
2023 722 2220 786 hluellero

205 808 422 870 transmitteret
433 810 476 884 *).
912 877 919 886 .
1472 835 1476 844 ·
1973 849 1979 860 ·
2203 865 2211 874 .

361 909 421 971 llic
437 911 483 970 vir
504 909 613 971 doctus
635 908 839 990 apographum
859 906 1085 973 Confutationls
1103 908 1293 990 germanicae
1315 914 1456 971 accurato
1477 913 1686 990 perscrutans,
1708 907 1858 972 intellexit
1883 909 1931 987 (id
1951 909 2033 990 qnod
2062 910 2220 972 Weberns

205 993 342 1056 llloloco
362 1000 398 1057 41
413 1015 462 1076 sq.
473 1003 546 1057 uota
557 995 630 1072 m)
645 996 798 1076 adscripto
810 995 942 1056 nondum
964 1001 1048 1057 certo
1070 994 1271 1074 definiverat),
1294 993 1353 1055 hoc
1373 995 1579 1076 apographum
1601 1014 1660 1056 uon
1678 1015 1718 1056 ex
1739 996 1809 1076 ipso
1830 995 2063 1076 autographod
2087 999 2117 1057 3.
2137 997 2218 1078 Aug.

207 1080 331 1163 publice
352 1080 505 1164 praelecto
527 1101 604 1144 esse
626 1079 822 1162 descriptura,
840 1081 897 1143 sed
921 1099 959 1142 ex
981 1079 1155 1161 apographo
1178 1083 1208 1141 ln
1231 1081 1320 1144 Actis
1332 1078 1531 1144 comitiorum
1547 1081 1794 1160 Augustianorum
1806 1081 2081 1154 contento‚hasoh
2092 1101 2218 1162 ωηατ

419 1208 447 1265 1.
465 1199 701 1282 Autographmn
722 1197 895 1283 imperatori
918 1221 937 1262 a
959 1199 1113 1282 theologis
1136 1201 1267 1262 seorsim
1289 1201 1430 1262 traditam
1453 1207 1485 1262 et
1507 1201 1537 1261 in
1553 1207 1636 1262 tanto
1658 1207 1807 1263 tantorum
1823 1202 1954 1262 virorum
1967 1219 2121 1262 consessu
2136 1219 2220 1284 prae-

458 1285 583 1361 lectum,
606 1307 624 1348 a
646 1286 773 1368 reliquis
795 1288 883 1350 Actis
907 1285 1105 1349 Comitiornm
1136 1294 1310 1367 separatum
1333 1287 1432 1347 luisse
1462 1293 1555 1367 atque
1578 1285 1742 1367 pecuum
1764 1285 1901 1348 uolumen
1924 1285 2100 1370 explevisse
2128 1307 2218 1349 nemo

458 1380 563 1455 neget3
586 1393 687 1434 verum
711 1370 937 1436 confutationis
959 1375 1150 1454 germanicae
1172 1371 1310 1444 formula,
1332 1392 1421 1452 quam
1442 1373 1636 1436 Weberus
1660 1373 1794 1454 accepit,
1817 1373 1946 1453 reliquis
1969 1373 2070 1445 Actis,
2089 1392 2168 1453 quae
2187 1374 2219 1433 in

458 1456 600 1521 comitiis
624 1461 799 1541 conscripta
820 1467 902 1533 sunt,
925 1465 976 1521 est
993 1459 1146 1532 illata,.ut
1166 1459 1276 1520 iisdem
1299 1459 1377 1532 adeo
1399 1459 1520 1540 paginis
1542 1457 1719 1520 includatur.

416 1572 445 1634 2.
466 1561 705 1651 Autdgruphma
736 1573 890 1653 integram
925 1569 1177 1650 Corrsutatiouem
1210 1571 1363 1632 continere
1390 1590 1484 1654 ⁸neruo
1509 1576 1575 1641 est,
1604 1571 1656 1651 qai
1678 1569 1811 1642 duhitet;
1839 1575 1871 1634 at
1898 1569 2027 1630 formula
2054 1570 2220 1642 Wehern

443 1659 640 1720 'memissa
655 1659 820 1738 interrupta
841 1664 891 1719 est
911 1656 1039 1738 longiori
1062 1659 1181 1729 lacuna,
1200 1675 1268 1718 nam
1290 1655 1402 1718 desunt
1419 1658 1448 1717 ei
1471 1655 1588 1718 articuli
1599 1656 1660 1717 dno
1672 1657 1794 1736 integriz
1813 1655 2062 1739 deconsesrr'oue
2074 1655 2220 1720 etdede·

457 1741 540 1804 lecta
557 1741 694 1803 amnon
711 1763 780 1804 oum
802 1750 936 1805 extrem
957 1742 1103 1824 particula
1124 1741 1243 1804 articuli
1261 1741 1303 1802 de
1319 1745 1429 1812 marn,
1453 1762 1532 1824 quae
1562 1761 1635 1804 vero
1662 1741 1752 1804 labes
1776 1741 1913 1804 inhaeret
1934 1742 2013 1822 ipsis
2041 1744 2129 1804 Actis
2153 1740 2221 1803 lllo·

456 1829 604 1910 gentinis,
627 1828 729 1908 iisque
751 1831 810 1890 iam
832 1828 904 1890 olim
935 1831 1049 1892 incenia
1075 1831 1160 1901 eins,
1189 1829 1241 1910 qni
1271 1826 1429 1890 lormnlam
1454 1829 1664 1909 transscripsit
1690 1826 1913 1904 arrthenticam,
1941 1836 1992 1890 est
2019 1827 2121 1898 allita.
2150 1847 2219 1890 nam

456 1913 585 1995 paginae
605 1915 739 1997 exempli
761 1915 930 1978 Weharo
952 1916 1127 1980 transmissi
1144 1915 1174 1976 in
1196 1915 1332 1994 margine
1360 1915 1474 1996 ubique
1497 1914 1620 1976 additae
1647 1921 1741 1995 atque
1769 1914 1847 1976 adeo
1874 1914 1933 1990 ihi,
1954 1915 2007 1976 uhi
2034 1913 2144 1976 lacuna
2170 1935 2220 1998 ap·

456 2007 551 2082 paret,
573 2001 634 2062 sihi
653 2007 802 2064 constant.

207 2218 227 2280 h
322 2225 336 2282 t
360 2134 419 2284 ltlis
442 2135 562 2198 duohas
584 2138 781 2217 mgrmentig
804 2157 883 2220 qnae
904 2136 1128 2200 Muellerus
1149 2135 1170 2200 l
1193 2135 1212 2201 Ι.
1235 2135 1377 2217 Prolegg.
1399 2157 1429 2219 p.
1453 2133 1544 2198 LXV
1566 2155 1616 2219 sq.
1639 2137 1809 2218 proposuit,
1827 2135 1910 2198 idem
1929 2132 2086 2218 p.1.xvt.
2104 2134 2221 2200 addidit

229 2238 304 2281 occe
336 2241 369 2282 er
383 2242 461 2283 inm:

415 2340 653 2424 „Apographnm
675 2344 743 2404 eins
767 2343 847 2420 [scil.
871 2340 1016 2404 formulae
1038 2338 1143 2422 Cant]
1166 2340 1333 2402 Webero
1357 2342 1574 2404 transmissum
1597 2363 1656 2404 non
1676 2341 1731 2404 luit
1748 2340 1885 2404 tabularii
1903 2339 2023 2422 lmperii
2036 2338 2220 2412 Germanici,

337 2495 338 2500 ἵ
456 2429 487 2495 in
510 2449 571 2509 quo
593 2429 811 2511 autographum
834 2429 903 2490 sino
924 2428 1018 2490 duhio
1038 2429 1205 2508 repositam
1228 2433 1288 2498 est,
1311 2434 1345 2490 ut
1367 2427 1558 2488 Weberus
1581 2428 1651 2508 ipse
1673 2435 1705 2490 et
1727 2425 1778 2488 alii
1798 2430 1868 2488 eius
1891 2427 1951 2488 lide
1962 2426 2083 2507 decepti
2106 2434 2221 2489 tenuere

456 2513 658 2590 crediderant,
680 2515 739 2576 sed
757 2513 909 2581 Electoris
931 2512 1113 2594 Moguntini,
1135 2520 1169 2575 nt
1190 2532 1230 2573 ex
1251 2513 1301 2585 iis,
1324 2533 1403 2594 quae
1425 2514 1464 2575 ad
1494 2520 1659 2576 extremum
1687 2521 1760 2578 snut
1787 2513 1946 2596 subiecta,
1972 2511 2142 2573 luculenter
2170 2531 2223 2593 ap-

454 2608 548 2680 paret.
591 2599 698 2662 Verha
720 2607 821 2663 anmm
837 2603 885 2663 sic
905 2619 943 2661 se
961 2598 1088 2664 habent:
1107 2600 1173 2675 lici
1191 2602 1361 2677 antichriste
1379 2601 1547 2679 lthlmtittca
1565 2615 1619 2666 oon
1637 2607 1696 2665 teat
1725 2604 1754 2664 ia
1780 2603 1838 2664 bem
1863 2600 2093 2680 lituttttftltrtea
2120 2600 2220 2678 hadita

455 2707 487 2769 gu
506 2689 605 2770 htatrg
626 2689 817 2766 turbustana
836 2689 981 2752 uranum
1000 2705 1157 2764 genesaram
1181 2693 1290 2750 mattea
1309 2689 1396 2762 tiata

361 2823 414 2894 at,
433 2825 572 2903 quamvis
595 2841 654 2885 non
677 2843 836 2904 negemus,
858 2803 998 2885 Electori'
1014 2821 1193 2902 hloguntino
1212 2822 1305 2884 etiam
1326 2821 1492 2904 peculiaria
1513 2823 1593 2885 neu
1615 2822 1735 2884 illorrun
1758 2817 1957 2884 comitiorum
1980 2821 2097 2890 luisse.
2120 2825 2221 2882 tamen

207 2930 247 2980 ex
269 2908 319 2972 hie
342 2910 455 2984 verbis,
474 2910 586 2989 quihus
608 2909 774 2992 apographi
797 2907 875 2972 tides
897 2909 1096 3012 confirmetur,
1119 2907 1315 3012 snpscriptis3
1335 2929 1403 3012 meo
1423 2893 1545 3011 quidem
1568 2909 1692 2979 iudicio,
1714 2909 1837 3012 minime
1859 2915 1943 2970 certo
1966 2905 2112 3012 colligere
2135 2905 2222 3012 lieet3

205 2995 1011 3163 tttttlhlttzlttlffffltttvt.tt:
1029 2991 1121 3142 ill
1117 2990 1270 3159 tiit?
1271 2992 1437 3161 ‘11:¹¹th
1439 3014 1458 3149 ‚⁰
1459 3003 1532 3142 tt
1533 2993 1739 3141 'tutti'
1749 2991 2130 3160 httlt‘tt‘tttb
2131 2991 2223 3159 ‘3¹:5¹5

204 3165 348 3230 Viennae
365 3175 548 3244 asseruntur,
568 3175 601 3229 et
622 3167 763 3231 tabularii
786 3166 955 3250 Imperialis
977 3167 1116 3248 primarii
1137 3163 1309 3244 Magantini
1333 3167 1466 3248 exponit,
1489 3165 1528 3228 de
1551 3164 1610 3228 hoc
1631 3165 1726 3229 altero
1748 3166 1884 3247 proxime
1907 3173 1980 3252 post
2004 3167 2113 3237 verba,
2142 3183 2222 3245 quae

206 3253 316 3318 iamin
338 3255 534 3336 praecedenti
555 3250 628 3316 Vol.
652 3251 768 3318 xxvi.
797 3276 826 3337 p.
845 3256 906 3316 423
929 3273 979 3336 sq.
1009 3259 1081 3316 nota
1103 3254 1136 3332 ¹)
1159 3251 1258 3324 attuli,
1277 3251 1361 3315 addit
1382 3252 1511 3314 haecce:
1534 3256 1576 3318 dt
1596 3251 1677 3332 [scil.
1696 3257 1747 3318 tus
1764 3255 2036 3326 panchristarehlo
2054 3272 2087 3335 gu
2105 3253 2217 3333 lllattg]

205 3340 255 3420 hat
273 3342 369 3420 [cithu
387 3343 514 3405 mittem
534 3342 788 3424 scaramaggin
805 3345 979 3416 dautatthto
999 3343 1027 3406 la
1046 3343 1131 3404 einum
1148 3342 1418 3418 gruetntaatttlcttn
1432 3341 1639 3423 (irrugguoitic
1660 3341 1708 3404 bet
1728 3343 1816 3404 litera
1836 3340 2064 3418 dhurthtlttlttpea
2083 3337 2219 3416 enisis

206 3427 653 3505 gestantemuabtictbetbc
676 3428 1693 3506 statuentecateronagemetntoatt1loeautapaea:
1715 3425 2045 3507 htataroiugtidpct
2080 3425 2221 3498 hamio,

205 3513 387 3591 iegtlttea
416 3513 564 3584 metten,
595 3514 644 3592 hat
669 3527 722 3578 ooo
747 3515 821 3589 lebet
849 3515 892 3576 ein
923 3513 1088 3588 Ghutfttlil.
1112 3512 1291 3583 statuarius
1309 3514 1382 3588 arbit
1400 3514 1506 3590 elntgra
1523 3514 1579 3591 ihm
1597 3514 1841 3591 uatctgcottuetea
1865 3512 2070 3590 tiiegttrotorea
2089 3512 2130 3573 tte
2148 3511 2222 3588 ’hut-

206 3601 268 3676 tdpt
286 3600 403 3678 gelidat.
422 3633 465 3644 -
482 3633 526 3646 -
545 3598 598 3662 Θε.
623 3599 790 3678 dparitrttl·
814 3601 933 3664 &natea
957 3619 989 3681 gu
1008 3601 1108 3680 meing
1131 3599 1218 3675 baben
1234 3601 1291 3678 lest
1312 3601 1355 3662 tte
1372 3601 1448 3672 mette
1466 3599 1631 3676 meringum
1655 3600 1794 3678 getrogen,
1813 3599 1865 3672 hag
1884 3599 1936 3659 bot
1955 3597 2144 3682 hleirhturdptt
2167 3611 2221 3660 oon

204 3687 265 3748 hcm
284 3685 539 3767 hhutmalngildpra
556 3689 728 3758 pantardus
748 3695 871 3763 grttenat
897 3693 1002 3748 actoru
1023 3687 1099 3762 loti!
1125 3691 1183 3744 etc.
1227 3679 1276 3761 Ex
1303 3682 1353 3744 his
1376 3681 1567 3766 intelligitur,
1598 3681 1651 3746 illa
1672 3685 1764 3744 verba
1785 3681 1958 3765 apographo
1981 3683 2163 3764 subscripta
2182 3681 2222 3742 ad

204 3769 383 3832 nomadum
411 3766 570 3850 lmperiale
596 3768 807 3850 Magantinum
834 3771 947 3852 optimo
977 3771 1041 3832 iure
1068 3768 1170 3831 relerri
1191 3787 1299 3848 posse.

360 3879 577 3943 Muellerus
601 3889 712 3954 autern,
735 3881 785 3944 his
809 3887 993 3966 argumentis
1011 3885 1195 3967 propositis,
1218 3904 1247 3964 p.
1269 3878 1374 3944 axvi
1396 3900 1445 3962 sq.
1468 3881 1538 3962 ipse
1561 3882 1607 3942 sic
1632 3881 1744 3961 pergit:
1775 3877 1912 3940 „Verum
1939 3879 1971 3938 id
1999 3899 2037 3939 ne
2066 3878 2221 3939 minimum

103 3971 106 3976 '
152 3955 153 3960 ¹
207 3963 331 4046 quidem
350 3969 393 4028 rei
413 3974 547 4038 nostrae,
567 3975 660 4046 atque
677 3969 847 4047 antiquitati
871 3979 902 4032 et
924 3971 1054 4036 addant
1090 3972 1191 4049 ipsius
1209 3966 1356 4032 formulae
1379 3972 1482 4039 nocet,
1502 3987 1582 4046 qnae
1604 3969 1664 4030 etsi
1688 3986 1746 4028 non
1764 3966 1874 4048 prima,
1897 3970 1988 4044 atque
2012 3967 2041 4026 in
2061 3965 2140 4045 ipsis
2163 3961 2221 4024 00-

206 4051 302 4114 mitiis
320 4050 492 4132 praelecta,
507 4060 609 4114 tamen
633 4073 671 4114 ca
692 4061 750 4130 est,
774 4075 865 4136 quam
892 4058 962 4118 inde
993 4064 1182 4138 assignatam
1213 4055 1333 4117 scribae
1359 4055 1389 4114 in
1418 4054 1500 4115 Acta
1522 4050 1646 4134 publica
1671 4049 1900 4115 transtulerunt.
1944 4049 2064 4112 Etenim
2091 4051 2220 4130 primum

207 4136 313 4219 explet
334 4145 448 4219 partem
471 4159 587 4223 eornm,
610 4158 689 4220 qnae
713 4141 741 4200 in
761 4139 901 4204 comitiis
923 4144 1116 4224 Angustaois
1134 4140 1258 4225 publice
1274 4145 1342 4203 acta
1360 4145 1391 4200 at
1408 4141 1580 4219 conscripta
1602 4140 1630 4200 in
1653 4137 1800 4202 tabulario
1822 4136 2001 4216 Mognntino
2024 4136 2158 4216 reposita
2175 4154 2222 4196 re·

206 4224 377 4304 periuntnr3
401 4221 511 4288 deinde
533 4225 642 4287 modas
661 4224 810 4306 quosdam
833 4229 953 4291 dicendi
976 4249 1013 4291 ac
1034 4231 1127 4291 verba
1148 4228 1242 4289 habet
1264 4227 1383 4296 eadem,
1402 4243 1482 4304 quae
1503 4223 1724 4286 ahnthcrauis
1747 4231 1822 4295 tum,
1845 4243 1913 4283 cum
1946 4223 2126 4284 recitabatur
2150 4241 2222 4283 con·

208 4307 328 4382 lutatio,
351 4312 529 4392 consignata
551 4317 582 4372 et
600 4318 713 4381 notata,
732 4321 763 4374 et
779 4311 907 4377 Lntheri
930 4315 1086 4397 Operibus
1103 4313 1190 4376 illata
1210 4313 1301 4374 modo
1325 4310 1484 4380 exhibent,
1506 4317 1542 4372 nt
1558 4311 1587 4371 in
1610 4311 1751 4392 prologor
1770 4313 1916 4386 petldaltdt
1936 4311 2057 4388 michea:
2079 4307 2220 4384 emituit·

208 4415 259 4475 gen
278 4395 334 4459 aab
353 4398 450 4462 trinta
469 4401 607 4462 wionem
631 4413 684 4462 ooo
703 4401 742 4464 oli
760 4401 901 4466 dictiones
920 4401 1084 4482 (modetia
1112 4423 1149 4464 ue
1174 4398 1315 4460 honestis
1339 4399 1415 4459 viria
1438 4395 1627 4458 diuersurum
1649 4400 1826 4465 undenum,
1855 4413 1947 4474 quum
1973 4402 2072 4458 mmen
2101 4393 2221 4476 proprie

208 4479 337 4552 mdiu,
360 4490 393 4545 ut
411 4485 440 4544 io
464 4479 581 4546 Codice
597 4480 696 4566 Pilug.
719 4489 918 4560 nominantur,
941 4509 1000 4549 non
1019 4509 1090 4549 vero
1107 4485 1237 4568 proheta·
1259 4487 1323 4546 etri
1348 4485 1413 4546 sint
1436 4485 1596 4562 orrflcahlge
1619 4487 1755 4562 hilaram)
1780 4487 1843 4558 auth
1869 4483 2016 4563 gugrlictlt,
2043 4477 2222 4559 (deportatam

208 4565 332 4645 dedita)
355 4589 417 4648 mog
436 4572 501 4644 tiele
521 4573 652 4634 ‘itatmort
671 4575 786 4650 gegeben
804 4587 909 4638 metata
929 4575 1039 4651 (reddi
1058 4579 1198 4654 potest),
1216 4578 1270 4635 art.
1292 4574 1322 4634 6.
1345 4571 1550 4649 surrepetur,
1576 4579 1604 4632 et
1623 4591 1686 4648 mag
1711 4574 1753 4634 att
1781 4589 1812 4650 gu
1836 4571 1909 4643 aaa
1932 4569 2058 4644 momen:
2086 4573 2139 4628 art.
2171 4568 2220 4625 10.

207 4671 277 4718 mete
294 4659 340 4718 itt
358 4657 420 4720 aaa
437 4656 529 4734 hirti
547 4657 611 4732 thot
630 4665 685 4720 unt
707 4679 741 4722 on
760 4663 859 4724 ffliuet:
878 4661 970 4722 vcrha
992 4667 1047 4726 unt
1073 4681 1108 4726 oo
1133 4663 1219 4722 uiua
1240 4658 1335 4718 latina
1362 4675 1421 4716 non
1445 4654 1568 4717 hahent.
1613 4651 1645 4716 ln
1676 4653 1756 4716 Part
1784 4656 1824 4714 11.
1849 4659 1903 4714 art.
1933 4658 1960 4714 l.
1989 4652 2083 4712 verha
2109 4649 2223 4713 latinae

208 4737 372 4802 lormulaor
387 4747 522 4822 propter
540 4741 684 4822 pericula
705 4763 771 4805 moa
788 4748 848 4808 istc
865 4745 968 4808 dandi
984 4754 1142 4828 utramque
1160 4746 1292 4824 qiecicm
1310 4741 1416 4814 desiit,
1439 4749 1533 4822 auget
1554 4741 1703 4802 vocabulo
1733 4735 1960 4818 titilidimrlgeot,
1985 4737 2068 4818 quod
2097 4755 2221 4818 quoque

208 4825 316 4972 lhqffi
339 4828 481 4976 issa¹ipsirpi
497 4824 639 4975 Comitlijs
662 4827 891 4982 Aug'ooerlgllffi
907 4829 1375 4990 exeifflaffidldnsmgtlgneae
1393 4826 1587 4981 1agdiebltcrugt.
1603 4923 1614 4977 t
1630 4825 1750 4992 13pr
1776 4829 1827 4975 hlb.
1841 4823 2159 4976 gcgrgmffloffgmw
2178 4823 2222 4986 gl?

244 4930 325 4992 area,
378 4931 771 4994 ogunaaverrsn.„,
912 4937 970 4980 ora
1125 4937 1221 4980 arua
1290 4933 1516 4994 cartag
1570 4931 1601 4978 to
1685 4933 1839 4977 tata
1911 4930 1979 4975 eta
2037 4929 2222 4975 to-a·

317 5198 345 5271 'J
363 5204 434 5258 Haec
451 5204 591 5260 Muellerus
607 5206 663 5270 lpse
681 5208 787 5260 euerrm
803 5208 822 5261 t
838 5208 855 5264 1.
871 5209 985 5266 Parent
1001 5225 1027 5277 p.
1046 5211 1067 5266 x
1083 5222 1122 5276 aa.
