4894 5672
17 5419 20 5562 i

141 267 265 368 ,u
472 223 474 228 ⁵
574 263 1757 384 ·msmsmrsmfflwammm
2146 271 2216 341 uss

195 459 1184 552 upa,mnstesaamnsnns,vasmuaem
1233 455 1351 526 sure
1394 454 1853 610 arremarensis..
1895 413 2217 528 mmmm

141 567 145 572 ·
199 549 342 637 haelligi
362 550 467 616 *debet
487 551 531 615 de
551 561 623 615 tota
636 549 867 636 pcenbencia,
888 557 925 612 et
941 543 1106 614 frucdbus
1128 547 1182 612 de
1233 541 1418 623 doniam,
1446 544 1571 610 dcent
1597 545 1693 629 sequi
1719 545 1809 611 bone
1837 563 1941 631 npetu
1961 545 2216 630 poeniteam,

200 635 299 716 Has,
332 655 401 700 non
435 638 482 702 de
507 637 665 722 operibus
694 655 765 700 non
799 634 930 702 debitis.
984 631 1181 718 Aduersarij
1234 631 1333 698 debet
1350 631 1562 718 poeniteuch
1588 649 1687 709 esse,
1719 648 1788 695 uon
1816 629 2001 712 simulatio,
2026 631 2088 700 sed
2115 632 2219 698 totius

199 723 310 788 nostri
333 721 412 788 dant
434 739 562 807 poenas
582 716 796 806 'contemptae
818 719 1081 796 Grammaticus,
1106 737 1183 784 cnm
1233 717 1324 784 vitae
1343 717 1489 784 mutacio
1510 716 1544 781 in
1565 712 1720 782 melius.-

164 865 166 868 .
202 805 394 892 htslligunt
415 807 577 886 iudicare,
598 807 685 873 ideru
707 823 797 884 esse,
819 807 910 891 quod
933 801 1212 889 calephi-actam·
1246 850 1251 866 .
1292 801 1401 870 item
1423 803 1544 868 Patres
1572 801 1723 870 scribunt
1747 801 1833 870 sads
1859 819 1955 881 esse,
1988 802 2020 867 si
2050 802 2157 870 umal
2175 804 2217 869 in

200 911 345 982 peregre
365 893 483 959 ire'nd
494 891 709 963 S.lacobum,
730 905 787 956 ant
810 887 930 957 similia
950 909 1064 975 opera.
1097 889 1183 955 iudi·
1236 889 1304 954 sita
1324 887 1383 953 iiat
1403 885 1460 952 iila
1481 883 1617 973 publica
1642 907 1704 953 seu
1732 883 1883 956 salmis
1909 889 2139 973 poenitencia,
2174 891 2218 956 de

203 997 285 1044 care
311 977 480 1065 significat
508 987 613 1044 totam
639 977 901 1062 poenitenciam,
935 974 1102 1062 significat
1129 976 1184 1040 ds·
1234 992 1302 1061 qua
1323 985 1401 1040 runt
1422 971 1504 1040 iacti
1522 970 1679 1038 (iunones
1701 969 1982 1039 satisfactionum.
2021 972 2096 1047 Qua
2117 993 2161 1040 ex
2177 994 2217 1042 re

201 1083 322 1130 nare
329 1066 482 1149 peccata,
497 1062 591 1129 llaec
602 1063 769 1128 damnatio
779 1061 955 1130 veredtiu
965 1061 1184 1141 contricione,
1207 1049 1213 1100 ¹
1234 1057 1376 1146 intelligi
1398 1069 1522 1143 potest,
1544 1056 1635 1144 quod
1656 1059 1853 1125 senciebaut
1870 1055 1948 1124 illos
1961 1057 2127 1140 Canonss,
2149 1067 2224 1148 non¹

87 1166 91 1175 ·
203 1150 462 1216 (inmutatione
491 1150 592 1215 vitae.
635 1146 722 1214 'fota
749 1149 977 1236 pomitenciu,
1010 1147 1184 1227 contricio,
1235 1166 1314 1213 esse
1335 1145 1550 1218 necessarios
1573 1145 1616 1210 ad
1635 1145 1864 1212 rnnissionem
1874 1157 2099 1230 peccatorum.
2130 1143 2217 1212 Nam

202 1233 305 1308 iides,
327 1235 405 1301 boni
427 1232 578 1314 imatus,
607 1235 803 1320 impetrant,
834 1244 871 1301 rt
892 1236 1084 1320 mitigentur
1104 1248 1184 1317 poe·
1234 1241 1370 1383 praeter
1390 1229 1480 1296 illurn
1498 1227 1672 1296 solennem
1683 1232 1936 1316 poenitenciam,
1949 1250 2054 1316 saepe
2064 1230 2149 1310 aliae
2159 1253 2218 1298 vo·

202 1337 281 1398 nae,
298 1323 351 1399 ⁷⁰)
379 1331 413 1386 et
434 1316 642 1385 calamitates
664 1317 820 1406 publicae
841 1331 876 1384 at
902 1319 1069 1406 priuatas,
1097 1319 1186 1386 sicut
1248 1329 1307 1384 unt
1329 1317 1568 1402 poenitenciam
1590 1313 1658 1403 agi,
1679 1317 1736 1382 vbi
1756 1336 1825 1381 non
1842 1317 2098 1403 requirebantur
2109 1316 2217 1384 Cano·

174 1405 325 1472 rastas
347 1403 465 1492 Capite
515 1406 599 1472 rimo
626 1407 739 1471 docet.
782 1406 935 1472 Desinite
951 1399 1185 1485 malefacere,
1235 1423 1298 1470 nes
1319 1399 1597 1469 sadsfsctionum.

205 1503 240 1558 et
260 1491 379 1558 discite
400 1492 486 1557 bene
522 1501 675 1556 ceramo.
708 1489 746 1556 Si
767 1487 889 1556 fuerim
907 1501 1186 1577 peccatoresua,
1322 1485 1507 1556 Architecti
1530 1483 1772 1554 confutacionis
1796 1489 1947 1556 scribunt
1968 1509 2036 1555 uon
2059 1501 2139 1554 esse
2166 1499 2217 1554 to-
2342 1565 2350 1574 .

204 1587 244 1644 ut
264 1577 447 1655 scamnum,
469 1579 567 1662 quasi
589 1579 647 1642 nix
668 1575 921 1644 dealbabuntur.
946 1577 986 1642 Si
999 1575 1185 1657 volueritis,
1235 1573 1421 1652 ferandum,
1442 1585 1479 1640 vt
1498 1571 1751 1642 satisfactiones
1769 1585 1888 1640 contra
1899 1593 2098 1660 expressum
2108 1573 2219 1641 Euan·

204 1663 433 1728 etaudieritis
455 1681 526 1741 nne,
549 1664 636 1727 bona
664 1673 775 1728 terrae
803 1663 995 1728 comedetis.
1014 1695 1016 1702 ι
1038 1661 1113 1728 Nec
1134 1664 1187 1728 est
1262 1659 1360 1728 elium
1382 1656 1590 1726 aboleantur.
1623 1658 1697 1724 Nos
1717 1661 1817 1747 igitur
1831 1660 1996 1728 hactenus
2010 1662 2222 1727 ostendimus

205 1749 251 1814 ud
274 1744 521 1812 satisfactiones
547 1759 580 1812 et
609 1767 712 1832 opera
733 1748 946 1814 traditionum
967 1749 1187 1815 humanarum
1238 1683 1429 1814 laconicus
1457 1743 1535 1810 illas
1558 1742 1824 1825 satisfactiones,
1855 1745 1923 1812 boc
1950 1757 2002 1812 est
2024 1765 2129 1832 opera
2149 1765 2219 1812 non

204 1831 439 1900 antemnas
465 1833 665 1918 grauissima
693 1844 731 1899 et
756 1831 978 1901 saluberrima
1003 1835 1187 1914 sentencia,
1239 1834 1368 1911 debita,
1396 1827 1552 1897 facienda
1601 1841 1716 1915 ropter
1743 1834 2049 1918 compensationem
2075 1849 2219 1917 poenae,

208 1939 230 1984 a
250 1928 324 1983 tota
344 1917 570 2003 poenitencia,
592 1931 626 1983 et
646 1919 803 2004 operibus
826 1919 962 1992 debitis,
985 1939 1047 1986 seu
1068 1940 1090 1984 a
1110 1917 1187 1986 ileo
1238 1939 1306 1984 nou
1334 1917 1461 1984 babere
1492 1851 1683 1984 mautlatum
1710 1915 1896 2005 Euangelij.
1948 1915 2017 1984 lies
2046 1919 2123 2004 ipm
2151 1917 2221 1984 boc

166 1999 170 2006 '
207 2004 411 2089 praeceptis.¹
453 2003 495 2070 Et
517 2004 584 2068 hoc
604 2003 744 2090 prodest
766 2005 902 2084 docere,
923 2005 1015 2090 quod
1035 2005 1187 2092 mitigari·
1239 2004 1406 2080 ostendit,
1440 2004 1484 2067 si.
1499 2022 1521 2066 o
1545 2023 1603 2069 era
1632 1999 1896 2070 satisfactionum
1922 2015 2003 2070 sunt
2024 2024 2128 2089 opera
2149 2023 2218 2070 nou
2302 2063 2310 2072 ,

206 2100 264 2154 rur
284 2089 470 2158 comunis
496 2088 584 2154 mma
611 2107 672 2174 per
699 2101 849 2156 nostram
877 2092 1187 2176 poenitenciam
1238 2090 1363 2168 debita,
1381 2091 1485 2174 qnare
1544 2100 1646 2176 egent
1662 2107 1861 2172 expressum
1873 2088 2105 2178 Euangeliurn.
2134 2089 2219 2154 Nam

205 2170 527 2260 peruetus-fructus
538 2175 779 2260 poetritenciae,
801 2177 960 2260 perbona
972 2197 1076 2262 opera
1097 2174 1188 2242 facta
1238 2177 1267 2242 ai
1289 2171 1509 2262 Errangelium
1530 2175 1659 2243 iuberet
1681 2177 1890 2258 compensari
1910 2195 2039 2262 poenas
2058 2173 2218 2262 pertalis

204 2259 341 2337 aalide,
365 2279 432 2326 nou
454 2269 491 2326 vt
511 2259 633 2325 istiiin
682 2274 718 2326 nt
739 2259 831 2326 facta
846 2260 1187 2346 inpeucutomortsli.
1239 2281 1353 2348 opera,
1374 2262 1440 2326 iam
1462 2273 1576 2340 esseut
1594 2261 1705 2326 debita
1728 2279 1842 2346 opera,
1863 2261 1932 2328 Sed
1954 2264 2006 2328 sic
2024 2259 2218 2348 loquuntur,

204 2345 249 2411 lit
269 2344 337 2409 bue
356 2347 500 2433 pertinet
517 2281 704 2436 exemplrlm
714 2347 945 2418 Niniuitamrm
967 2349 1098 2434 quisue
1154 2367 1187 2412 e·
1238 2360 1277 2416 vt
1296 2345 1409 2413 fucum
1430 2343 1557 2413 faciant
1577 2345 1755 2431 imperitis,
1783 2359 1817 2414 et
1844 2345 1996 2434 allegant
2016 2349 2220 2426 testimonias

204 2431 362 2512 pitancia,
383 2433 427 2496 de
441 2442 512 2498 tota
527 2429 768 2516 loquimur,⁷¹)
786 2430 994 2499 reconciliati
1008 2445 1088 2500 suut
1132 2452 1187 2514 eo,
1239 2451 1325 2524 quae
1351 2434 1406 2497 de
1423 2431 1552 2514 debitis⁴
1575 2431 1735 2517 operibus
1756 2429 1954 2517 loquuntur,
1987 2453 2063 2500 cum
2089 2434 2100 2497 i
2126 2433 2156 2498 ei
2184 2431 2219 2497 in
2267 2455 2273 2461 ·

205 2526 256 2582 etr
351 2529 533 2596 trauernnt,
553 2537 598 2582 ae
618 2515 789 2584 deleretur
810 2519 939 2585 ciuitas.
1239 2519 1310 2586 suis
1332 2516 1616 2584 satisfactionibus
1636 2519 1875 2602 praescribant
1891 2538 1996 2604 opera
2017 2453 2218 2584 conlecta.

258 2625 262 2633 ·
326 2603 392 2668 uod
415 2613 524 2668 auteur
548 2601 667 2668 Patres
688 2604 888 2670 mentionem
909 2602 1035 2669 fecium
1055 2601 1188 2671 satisfa·
1239 2606 1308 2672 lmo
1329 2604 1394 2688 ipsi
1412 2604 1604 2686 concedunt,
1621 2603 1655 2668 in
1672 2599 1800 2669 scholis
1814 2606 1893 2674 'siue
1911 2618 2052 2690 peccato
2070 2603 2219 2670 recusari

202 2687 339 2764 atienb,
361 2687 451 2772 quud
471 2682 1121 2766 conciliafeceruntfiauones,ldiximus
1131 2711 1188 2757 su·
1239 2709 1343 2777 posse
1375 2685 1645 2756 calefactionem
1673 2685 1794 2755 .Falso
1831 2689 1933 2779 igitur
1964 2691 2021 2757 bic
2054 2691 2219 2768 scribunt,

203 2771 489 2858 pradiscipiinam
500 2771 777 2840 Ecclesiasticam
791 2774 911 2854 iusisse,
928 2776 1072 2861 exempli
1084 2795 1188 2843 caum
1262 2776 1332 2842 uod
1363 2790 1538 2860 expresso
1554 2771 1650 2840 Euan
1674 2769 1740 2840 elio
1772 2795 1815 2842 co
1839 2795 1933 2840 amur
1965 2775 2218 2843 satisfactiones

204 2859 431 2924 constitutam.
474 2857 548 2923 Nec
567 2860 769 2926 sanciebant
793 2857 1109 2948 ban'c'disciplinam
1130 2880 1188 2927 ue·
1237 2797 1315 2928 llius
1348 2857 1540 2950 Canonicas
1573 2879 1633 2926 sus
1666 2879 1758 2946 pere.
1862 2871 1987 2928 aterum
2019 2881 2084 2928 nos
2115 2865 2221 2946 ssepe‘

203 2944 392 3024 wem
411 2949 513 3023 efeso,
540 2941 595 3010 vel
615 2945 660 3010 ad
672 2943 818 3031 ‘cuipam
843 2942 906 3012 vei
915 2947 965 3012 ad
985 2965 1115 3032 poem
1134 2967 1188 3014 re·
1238 2949 1302 3014 mm
1324 2943 1436 3012 testati
1457 2963 1589 3030 sumus,
1615 2946 1705 3031 quod
1733 2947 1943 3032 poenitencia
1964 2948 2086 3017 debeat
2107 2946 2217 3014 borres

208 3029 411 3095 &boun
454 3028 540 3094 Nam
571 3030 603 3094 si
629 3031 750 3116 quiin
771 3030 825 3098 his
845 3033 1187 3120 mentionem‘purga»
1238 3029 1369 3100 fructus
1491 3035 1579 3116 aet
1598 3031 1653 3118 qui
1674 3031 1743 3100 siut
1764 3033 1843 3098 boui
1852 3030 1982 3100 fructus
1995 3036 2118 3103 docent
2127 3054 2222 3102 mau-
2323 3099 2327 3106 .

203 3110 486 3200 comploserunt,
515 3115 774 3202 interpretantur
796 3135 875 3183 esse
901 3136 970 3182 non
993 3137 1187 3204 mensa·
1240 3119 1328 3198 date,
1349 3118 1382 3182 vi
1406 3115 1505 3202 elicet
1525 3116 1704 3196 inuocatio,
1788 3121 1907 3184 barum
1924 3121 2023 3200 aedo,
2047 3116 2219 3187 conicum

206 3199 334 3266 danem
355 3209 517 3266 manse
541 3220 692 3288 poenae,
721 3222 791 3272 uon
813 3201 1097 3285 meconem,
1124 3205 1187 3271 sed
1238 3200 1426 3292 Euangelij,
1449 3204 1572 3268 docere
1592 3201 1714 3290 Euang
1747 3205 1830 3284 ium,
1852 3201 1991 3273 obedire
2010 3206 2223 3294 pumntibus,’

208 3287 438 3371 purgationes
464 3285 741 3370 ‘imperfectum‘
770 3289 971 3370 animemm,
987 3289 1093 3358 ¹Sicut
1119 3288 1187 3357 Au·
1239 3301 1272 3358 et
1294 3291 1561 3376 magistratibus,
1591 3291 1719 3354 seruire
1745 3291 1929 3370 vocationi,
1956 3314 2024 3359 non
2051 3293 2217 3373 occidere,

208 3369 934 3542 &submittimini
942 3375 1187 3526 3¹05&le
1238 3374 2217 3542 itt'tittttittistttltffllistditttit·

206 3537 289 3606 ὦσι·
321 3539 488 3607 interdum
509 3541 697 3625 Scriptores
724 3541 927 3610 tansum
947 3543 1187 3612 satisfactionis
1238 3545 1315 3623 teri,
1335 3481 1403 3610 sla
1420 3481 1891 3629 moechatfs'edcohercell,
1912 3508 2140 3629 etreslenare,
2162 3567 2217 3616 os·

205 3621 412 3702 ‚vocabulum
432 3625 476 3689 ab
499 3625 573 3708 ipso
595 3625 678 3704 ritu,
706 3643 767 3691 seu
793 3626 1000 3712 spectaculo,
1020 3630 1064 3695 ad
1085 3631 1186 3714 signi·
1236 3630 1520 3716 stigarccarnem
1542 3649 1610 3694 non
1621 3642 1758 3717 propter
1769 3637 2074 3720 compensationem
2084 3653 2215 3720 manati

207 3709 380 3776 dicandam
406 3729 521 3778 veram
547 3707 856 3790 mortificationem,
888 3711 948 3778 Sic
975 3715 1186 3800 Augustinus
1237 3727 1408 3795 aeternae,
1428 3715 1490 3778 sed
1507 3735 1551 3780 ne
1565 3714 2216 3804 obtemperettliabolo„ueoifendat⁷‘²j

209 3795 267 3860 ait.
311 3793 402 3862 Vera
430 3794 616 3864 satisfactio
637 3807 691 3864 est
709 3801 925 3883 peccatomm
954 3805 1077 3864 causas
1097 3803 1186 3868 exci-
1237 3797 1388 3888 spiritum
1413 3812 1596 3878 sanctum·
1626 3801 1706 3881 item
1740 3823 1822 3870 vera
1852 3807 1973 3878 dicere.
2017 3805 2060 3872 lii
2086 3803 2215 3878 fructura

209 3879 391 3958 carabos
411 3891 463 3947 est
484 3882 683 3950 mortificate
710 3901 854 3950 carnem
897 3883 979 3950 item
1003 3884 1185 3954 cohercere
1235 3883 1360 3955 babent
1410 3895 1565 3972 raecopts
1586 3884 1663 3967 bet,
1685 3899 1718 3956 et
1738 3900 1877 3976 propter
1904 3886 2046 3978 gloriam
2069 3905 2102 3960 et
2123 3912 2215 3958 man·

211 3985 345 4032 carnem
367 3985 434 4034 non
457 3978 492 4032 vt
509 3980 768 4053 compensentur
785 3979 944 4036 aeternae
959 3975 1100 4057 poenas,
1122 3975 1184 4040 sed
1236 3977 1347 4041 datum
1399 3975 1430 4041 ei
1451 3971 1524 4038 fieri
1552 3972 1691 4054 debent,
1724 3974 1850 4044 babent
1882 3986 1915 4042 et
1942 3979 2100 4064 praemia
2146 3975 2214 4048 Sed

208 4071 253 4116 ne
280 4070 361 4118 omo
384 4050 560 4135 pertrabat
586 4056 630 4118 ad
655 4056 873 4138 peccandum,
917 4056 968 4123 lta
997 4055 1183 4144 Gregorirm
1235 4059 1326 4146 quod
1347 4077 1415 4124 non
1437 4057 1645 4124 remittantur
1666 4062 1975 4144 poenaeaeterna'e,
1996 4065 2060 4130 nisi
2077 4075 2215 4150 propter

206 4135 487 4240 dynastitucioue
507 4133 664 4240 loquitur,
685 4137 805 4206 falsam
828 4161 906 4208 esse
929 4143 1183 4229 poenitenciam,
1236 4145 1539 4230 compensatiouem
1551 4154 1715 4210 certarum
1728 4147 1941 4215 traditionum
1951 4159 2008 4216 aut
2019 4149 2217 4237 purgatorij,

206 4241 238 4286 sr
260 4243 327 4290 aon
349 4221 495 4290 satisfiat
513 4221 579 4290 illis
602 4244 743 4309 quorum
760 4239 1011 4312 resoccupatas
1022 4238 1181 4294 tenemus.
1233 4228 1301 4312 boc
1321 4250 1389 4296 nou
1412 4229 1511 4294 docet
1532 4229 1601 4295 scri
1625 4241 1709 4296 tura.
1753 4229 1984 4322 indulgentiae
2014 4232 2091 4301 olim
2119 4243 2214 4300 mant

206 4305 284 4374 Non
305 4309 495 4375 enimvero
518 4306 609 4375 dolet
629 4329 668 4376 so
688 4309 830 4379 buamm
853 4331 943 4392 essa
962 4323 1019 4380 aut
1029 4315 1183 4399 rapuisse
1236 4313 1501 4382 condonationes
1527 4251 1625 4401 publ¹

204 4489 271 4558 est,
285 4479 370 4544 dunt
393 4490 446 4542 est
465 4479 610 4546 iniustus
629 4498 813 4566 possessor
830 4481 1030 4550 alieneerei.
1079 4481 1182 4552 ‘iuilis
1234 4487 1412 4572 autoritate
1422 4485 1542 4550 remitti
1553 4485 1804 4556 satisfactiones
1821 4486 1854 4555 et
1867 4493 2060 4574 poenae⁷³J
2075 4502 2213 4578 queunt,

204 4561 264 4630 ilia
284 4559 471 4630 satisfactio
489 4567 692 4632 necessaria
719 4579 772 4632 est
779 4613 790 4647 ,
823 4569 900 4655 quia
915 4573 1088 4658 'scripturn
1112 4583 1181 4654 est,
1234 4593 1301 4638 uon
1322 4573 1423 4658 igitur
1446 4569 1520 4636 lure
1542 4572 1666 4654 diuino,
1683 4575 1882 4646 ,necessaria
1897 4587 1956 4642 est
1976 4573 2035 4644 illa
2056 4595 2214 4665 compen·

80 4670 87 4682 ·
167 4672 173 4682 ’
205 4645 415 4734 qui-fruetus
437 4659 501 4720 est,
523 4650 681 4737 deinceps
702 4672 770 4718 uon
790 4650 929 4722 furetur.
971 4653 1054 4724 item
1076 4653 1181 4744 (lhuy-
1233 4657 1329 4724 satio.
1373 4657 1459 4722 Nam
1485 4655 1541 4722 lus
1569 4658 1714 4730 diuinum
1743 4679 1812 4726 non
1841 4657 1971 4730 tollitur
1991 4662 2136 4730 humana
2156 4683 2211 4730 au·

204 4746 375 4801 sostomus
398 4733 511 4820 inquit·
556 4735 594 4800 ln
619 4739 722 4804 corde
748 4739 927 4819 conuicio,
960 4743 995 4808 in
1024 4759 1084 4809 oro
1104 4763 1181 4809 con·
1232 4744 1375 4809 toritate.
1426 4739 1534 4810 Porro
1568 4762 1643 4812 curn
1677 4765 1766 4814 nune
1793 4768 1856 4854 per
1885 4769 1922 4816 se
1945 4751 2136 4836 antiquatas
2168 4749 2212 4812 sit

202 4903 410 4924 ....-....
1232 4847 1325 4909 mos,
1357 4839 1392 4894 et
1424 4827 1557 4912 quidem
1589 4829 1877 4914 dissimulantibus
1903 4835 2098 4930 Episcopis,
2129 4829 2212 4902 nihil

200 5022 251 5093 20)
267 5025 389 5093 poenes,]
406 5025 456 5079 liti.
475 5025 516 5077 dc
532 4973 617 5091 poene

200 5108 251 5179 rt)
268 5112 443 5248 pggffiopa
461 5111 493 5162 de
510 5116 569 5162 soa
584 5109 734 5178 loquuta]
751 5113 802 5165 rsa
820 5117 862 5222 ⁴1²
879 5111 1180 5223 remanebimus
1231 5103 1279 5256 ἔξ
1297 5097 1490 5256 ffisssltlnlldd·
1498 5101 1703 5254 admont

1611 4315 1740 4396 icaum'
1757 4315 1897 4410 illarum
1927 4321 2214 4400 obseruationum,
2328 4335 2362 4378 ··

171 4438 173 4456 .
206 4393 250 4471 is,
268 4394 324 4478 qui
345 4393 454 4457 adbuc
475 4392 614 4460 iuratur.
645 4393 822 4483 'fantisper
838 4399 925 4476 enim
947 4395 1069 4465 furaat
1102 4399 1182 4464 redo
1233 4419 1277 4466 ue
1298 4401 1434 4466 nimium
1456 4413 1680 4487 grauarentur
1700 4401 1864 4472 homines.
1902 4403 2001 4480 Quod
2018 4408 2048 4471 si
2069 4403 2213 4473 humana
