4920 5672
239 281 306 353 Μ
588 281 629 350 ll.
671 279 905 349 apotesia
927 277 1251 350 GONFESSIONB
1271 276 1585 350 AUGUSTANAE.
1631 277 1674 344 Β.
1716 275 1907 347 ALTERA.
2189 279 2256 348 426

241 469 322 558 quit.
339 473 391 551 Η)
429 469 505 537 Non
528 481 579 536 est
596 487 679 556 ergo
701 469 810 534 anima
830 471 874 535 ad
896 469 1072 557 imaginem
1091 465 1171 548 Dei,
1188 469 1222 532 in
1274 466 1406 537 debitae
1427 466 1576 532 iusticias
1597 468 1756 546 carentia,
1772 413 1824 547 ¹l)
1846 465 1889 533 Et
1909 467 2020 534 inuno
2042 469 2182 536 istarum
2202 489 2257 536 re·

242 575 307 644 qua
330 552 425 622 Deus
447 563 516 622 non
537 575 671 642 semper
693 566 763 633 est,
779 551 824 619 Et
845 552 970 620 Paulus
988 555 1036 620 ad
1055 553 1222 640 Ephesios
1275 553 1492 640 sponsionum
1525 551 1705 618 includitur
1730 550 1846 618 altera.
1898 552 1988 618 idern
2021 555 2129 619 sensit
2155 555 2256 640 lingo
2372 625 2376 632 x

241 653 277 708 et
309 638 533 708 Colossenses
568 641 714 708 ostendit
741 640 917 727 imaginem
949 639 1033 720 Dei,
1065 641 1224 706 noticiam
1275 659 1350 706 cum
1372 640 1429 719 ait,
1453 635 1623 726 Originale
1645 643 1818 722 peccatum
1846 657 1943 718 essa,
1975 640 1985 704 i
2011 641 2194 705 norantiam
2222 641 2257 706 in

240 725 307 794 Dei
328 745 424 806 esse,
447 727 611 794 iusticiam
639 736 673 791 et
702 727 886 793 veritatem.
927 725 1000 792 Nec
1025 725 1223 811 Langobar·
1274 737 1398 805 mente,
1422 734 1455 791 et
1478 725 1780 808 concupiscentiam
1802 726 1836 789 in
1860 745 1972 804 carne,
1987 661 2259 830 Significatenim

240 813 307 880 dus‘
329 822 462 878 veretur
482 813 606 891 dicare,
627 810 719 898 quod
742 811 872 878 iusticia
894 811 1052 897 originis,
1078 814 1123 878 sit
1147 813 1159 876 i
1182 830 1223 876 sa
1275 829 1340 876 nos
1362 821 1544 876 nascentes
1567 809 1687 876 afferre
1708 809 1956 896 ignoracionem
1977 809 2058 890 Der,
2081 809 2257 877 increduli·

242 894 423 964 similitudo
438 895 521 977 Dei,
544 917 630 983 qnae
651 895 775 962 homini
797 897 900 964 indita
917 908 970 962 est
991 919 1013 962 a
1032 895 1119 963 Deo.
1210 930 1223 946 ·
1276 906 1389 973 tatem,
1412 891 1646 974 diflidenciam,
1669 894 1904 980 contemptum,
1926 897 2036 962 odium
2057 894 2132 964 Dei.
2164 895 2258 966 llaec

242 985 383 1050 citemus
409 994 557 1056 veterum
585 982 794 1062 sentencias,
842 979 1015 1048 nae'ni'ril
1044 983 1224 1068 impediunt
1276 982 1364 1048 enim
1398 977 1595 1066 complexus
1627 991 1696 1057 ast,
1730 1000 1804 1046 curn
1839 982 2069 1067 ignoranciam
2100 983 2257 1050 nominat

241 1069 421 1155 Augustini
442 1069 748 1154 interpretationem
770 1003 989 1154 dehmegine.
1276 1067 1319 1134 Et
1341 1066 1407 1132 hae
1428 1067 1620 1132 sentenciae
1642 1067 1862 1132 consenciunt
1874 1087 1948 1134 curn
1965 1067 2154 1154 scripturis,
2173 1067 2260 1134 Nam

329 1151 445 1239 ltaque
474 1165 572 1221 vetus
600 1153 765 1232 divinitio,
799 1175 875 1220 cum
902 1154 1025 1239 inquit,
1049 1164 1224 1240 peccatum
1277 1149 1404 1218 Paulus
1426 1153 1592 1218 interdum
1615 1171 1778 1236 expresse
1801 1153 1947 1218 nominat
1969 1150 2145 1226 desectum,
2168 1163 2205 1220 vt
2228 1153 2259 1218 1.

241 1240 512 1307 essecarentiam
529 1239 838 1317 iustitiac,detrahit
855 1237 1048 1304 nouaclum
1067 1240 1224 1304 obedien·
1277 1237 1427 1306 Corinth.
1450 1239 1484 1321 ij.
1530 1235 1692 1304 Animalia
1714 1237 1814 1304 homo
1837 1257 1904 1303 non
1927 1239 2068 1324 percipit
2090 1259 2147 1318 ca,
2171 1260 2259 1327 quae

236 1325 322 1394 ¹tiam
343 1321 535 1392 inferiorum
557 1327 677 1391 virium
698 1322 854 1404 hominis,
876 1326 938 1391 sed
960 1325 1058 1390 etiarn
1082 1325 1225 1392 detrahit
1277 1344 1294 1393 s
1318 1325 1414 1390 iritus
1440 1322 1505 1388 Dei
1533 1334 1619 1389 sunt.
1664 1322 1753 1389 Alibi
1782 1325 2086 1408 concupiscentiam
2112 1327 2260 1392 nominat

242 1411 399 1476 noticiam
416 1407 493 1490 Dei,
515 1409 670 1478 fiduciam
692 1430 774 1496 erga
790 1409 911 1489 Deum,
923 1411 1073 1476 timorem
1091 1422 1125 1475 et
1135 1430 1224 1476 amo
1277 1431 1296 1477 e
1326 1411 1449 1476 'canem
1470 1410 1504 1473 in
1527 1410 1702 1489 membris,
1725 1420 1759 1474 et
1779 1411 1964 1496 parientem
1985 1408 2093 1474 malos
2115 1407 2259 1478 fructus.

225 1511 316 1562 'rem
347 1494 433 1576 Dei,
465 1508 524 1562 aut
554 1507 647 1562 certe
678 1497 746 1562 uim
776 1497 841 1560 ista
873 1493 1039 1561 efficiendi
1069 1495 1224 1563 detrahit.
1277 1494 1396 1562 Plures
1424 1491 1523 1562 locos
1553 1496 1657 1560 citare
1693 1495 1734 1560 de
1767 1505 1908 1582 utraque
1934 1507 2032 1581 parte
2070 1515 2260 1579 possemus,

242 1581 328 1646 Nam
356 1595 389 1646 et
417 1583 483 1667 ipsi
509 1579 660 1669 theologi
688 1583 722 1645 in
744 1578 872 1647 scholis
899 1579 1033 1648 tradunt
1064 1582 1129 1647 ista
1155 1600 1224 1646 non
1276 1582 1336 1648 sed
1359 1581 1393 1646 iu
1416 1600 1453 1646 re
1475 1579 1653 1646 manifesta
1674 1577 1757 1646 nihil
1781 1600 1866 1664 opus
1890 1593 1942 1646 εει
1964 1581 2173 1667 testimonijs.
2217 1581 2260 1648 Et

243 1663 335 1732 effici
368 1668 442 1734 sine
470 1669 572 1732 certis
606 1667 722 1747 donis,
750 1679 783 1732 et
811 1664 935 1748 auxilio
968 1665 1107 1752 gratiae.
1151 1666 1224 1732 Noa
1276 1664 1374 1736 facile
1396 1665 1545 1732 iudicare
1564 1665 1686 1752 poterit
1712 1668 1861 1751 prudens
1882 1663 1991 1732 lactor
2013 1665 2076 1732 has
2100 1687 2167 1734 non
2189 1678 2259 1733 tan·

241 1753 318 1858 ipsa
341 1753 430 1820 dona
450 1753 677 1830 nominamus,
703 1761 740 1817 vt
763 1773 818 1818 res
846 1749 987 1839 intelligi
1039 1752 1140 1832 assit,
1166 1771 1226 1817 no·
1276 1766 1345 1819 turn
1368 1749 1484 1836 culpas
1503 1749 1652 1816 actuales
1679 1771 1775 1831 esse,
1804 1752 1879 1816 sine
1898 1763 1988 1818 metu
2016 1751 2098 1827 Dei,
2125 1763 2159 1818 et
2185 1753 2260 1819 sine

243 1839 354 1904 troiam
370 1836 455 1918 Dei,
483 1839 634 1904 timorem
662 1847 696 1903 et
722 1835 876 1904 fiduciam
903 1858 985 1924 erga
1046 1859 1131 1904 enm.
1175 1837 1226 1902 Ex
1277 1837 1342 1904 lide
1364 1857 1451 1902 esse.
1496 1836 1582 1904 Sunt
1603 1838 1690 1905 euim
1708 1835 1879 1904 durabiles
1902 1835 2055 1904 defectus
2083 1839 2117 1904 in
2138 1849 2259 1905 natura

242 1924 296 1990 hls
318 1933 459 2010 apparet
479 1937 626 1988 veterem
648 1922 871 1989 definitionem
901 1943 1043 2009 prorsus
1071 1923 1157 1988 idern
1180 1923 1226 1992 di·
1277 1944 1345 1990 non
1368 1937 1539 1988 renouata.
2211 2003 2217 2008 ἠ

244 2027 322 2076 oere
343 2010 434 2096 quod
457 2029 520 2076 nos
542 2009 702 2087 dicimus,
726 2007 938 2074 detrahentes
961 2021 1085 2074 metum
1105 2007 1170 2074 Dei
1192 2021 1226 2076 et
1362 2005 1452 2075 Nihil
1473 2008 1574 2094 igitur
1595 2011 1637 2074 de
1659 2022 1798 2092 peccato
1822 2009 1970 2161 Oripinis
1989 2011 2151 2076 sentimus
2178 2008 2259 2077 alia·

243 2093 418 2175 fiduciam,
440 2091 598 2160 videlicet
618 2113 686 2160 non
707 2105 806 2160 actas
828 2106 976 2174 tantum,
998 2095 1059 2160 sed
1082 2095 1174 2160 dona
1193 2105 1227 2158 et
1276 2116 1367 2174 nuru,
1387 2105 1445 2160 aut
1466 2113 1487 2162 a
1509 2095 1686 2182 scriptura,
1708 2105 1765 2161 aut
1786 2115 1806 2158 ε
1828 2106 1883 2160 εει
1907 2093 1993 2160 alica
2005 2093 2172 2175 Ecclesia,
2195 2097 2258 2162 sed

243 2181 311 2246 vim
331 2180 482 2246 adhaec
502 2177 688 2246 allicienda.
1277 2179 1496 2269 grauissimas
1517 2179 1708 2249 sentencias
1730 2183 1917 2264 scripturae
1945 2191 1977 2248 et
1998 2177 2136 2260 Petrum
2159 2183 2258 2248 obru-

330 2265 456 2332 Eadem
483 2279 536 2332 ast
563 2265 733 2330 sentencia
760 2263 980 2344 delinitionis,
1014 2285 1102 2352 quaa
1134 2274 1226 2332 extat
1276 2279 1330 2332 tas
1365 2262 1564 2350 Sophisticis
1596 2266 1677 2330 rixis
1711 2263 1943 2351 theologorum
1978 2266 2178 2346 recentium,
2206 2289 2257 2332 rc·

242 2353 333 2456 apud
354 2353 588 2437 Augustinum
610 2353 667 2435 qui
688 2346 775 2418 solet
798 2349 935 2417 definire
962 2363 1138 2435 peecatum
1161 2351 1225 2416 ori
1299 2371 1468 2437 urgemus,
1487 2362 1520 2419 et
1541 2353 1574 2416 in
1597 2345 1704 2418 lucem
1730 2353 1955 2432 restituimus,
1986 2352 2071 2418 Nam
2100 2373 2154 2418 res
2183 2354 2258 2437 ipsa

242 2437 331 2524 mnis
365 2437 669 2521 concupiscentiam
697 2455 785 2500 esse.
831 2435 1006 2522 Significat
1033 2438 1119 2500 enim
1147 2455 1224 2500 oon·
1276 2373 1433 2542 loquitur,
1450 2437 1656 2510 recentiores
1679 2435 1857 2523 theologos
1881 2459 1948 2504 non
1970 2438 2258 2520 animaduertisse,

241 2523 479 2607 cupiscentum
490 2521 700 2588 successisse
711 2521 837 2586 amissa
846 2521 990 2586 iusticia.
1023 2519 1224 2608 Namaegra
1276 2525 1356 2611 quud
1384 2517 1549 2586 voluerint
1578 2520 1695 2588 Patres
1729 2525 1770 2590 de
1804 2519 1937 2590 deiectu
1964 2521 2151 2610 loquentes.
2194 2522 2258 2604 Est

241 2617 362 2676 natura
390 2608 466 2691 quia
495 2626 563 2674 non
592 2616 705 2688 potest
737 2604 854 2672 Deam.
875 2607 991 2672 timere
1019 2617 1052 2671 et
1074 2603 1238 2692 diligere,¹
1275 2618 1385 2678 autem
1407 2608 1600 2674 necessaria
1627 2609 1773 2695 cognitio
1795 2609 1926 2693 peccati
1955 2610 2113 2696 originis,
2140 2608 2259 2696 Neque

240 2689 318 2760 Deo
348 2692 502 2768 credere,
532 2691 661 2776 quaerit
687 2701 720 2755 et
747 2703 836 2756 amat
863 2687 1021 2756 carnalia.
1065 2689 1223 2761 Iudicium
1275 2695 1362 2760 enim
1384 2703 1498 2778 potest
1519 2689 1659 2779 intelligi
1681 2693 1874 2780 magnitudo
1896 2696 2025 2782 gratiae
2040 2691 2175 2778 Christi,
2193 2695 2259 2780 nisi

185 2780 188 2806 ¹
241 2775 326 2857 Dei,
353 2787 411 2845 ant
430 2795 553 2848 secura
574 2777 770 2854 contemnit,
799 2789 857 2843 aut
880 2776 949 2842 odit
970 2774 1222 2860 perterrefacta,
1274 2781 1401 2849 morbis
1439 2779 1565 2850 nostris
1598 2781 1754 2866 cognitis.
1808 2777 1895 2859 'lota
1932 2779 2075 2846 hominis
2112 2780 2257 2867 iusticia,

241 2861 292 2928 lta
313 2873 348 2928 et
369 2859 534 2932 deiectam
556 2859 788 2946 complectitur
809 2862 1037 2954 Augustinus,
1066 2873 1099 2928 et
1119 2861 1223 2929 vicio·
1274 2885 1366 2938 mera
1388 2879 1441 2931 est
1461 2863 1650 2950 hypocrisis
1674 2887 1787 2932 coram
1803 2863 1900 2948 Deo,
1927 2866 2040 2931 nisia
2089 2867 2257 2934 ouerimus

240 2968 315 3016 sum
342 2945 491 3017 habitum
525 2949 580 3034 qui
608 2949 794 3027 successit,
820 2947 938 3034 Neque
965 2969 1046 3015 vero
1070 2949 1223 3032 concupi·
1276 2967 1336 3021 cm
1356 2949 1550 3019 naturaliter
1572 2971 1696 3019 vacare
1717 2972 1848 3030 amore,
1880 2955 2017 3032 timore,
2062 2952 2159 3018 dacia
2179 2949 2256 3018 Dei.

240 3033 372 3100 scentia
405 3043 531 3105 tanturn
557 3034 725 3118 corruptio
753 3031 948 3119 qualitatum
978 3036 1131 3120 corporis
1158 3047 1222 3118 est,
1274 3037 1354 3116 ldeo
1384 3035 1554 3120 Propheta
1585 3036 1711 3124 inquit,
1745 3038 1927 3124 Postquam
1960 3039 2135 3104 ostendisti
2165 3035 2255 3119 mihi,

241 3117 312 3186 Sed
329 3120 428 3186 etiam
449 3137 554 3204 praua
576 3120 754 3184 conuersio
776 3120 819 3184 ad
842 3117 989 3188 carnalia
1010 3121 1045 3186 ln
1073 3122 1223 3206 superio·
1247 3115 1253 3254 Ι
1274 3123 1429 3210 percussi
1446 3125 1556 3190 lemur
1582 3143 1717 3202 meum,¹
1733 3122 1825 3190 ltem.
1845 3127 1895 3200 1²)
1934 3123 2010 3210 Ego
2043 3124 2109 3190 dixi
2137 3125 2171 3196 in
2199 3142 2256 3188 ex·

240 3203 335 3270 rihus
367 3204 511 3282 viribus,
539 3202 612 3268 Nec
638 3204 752 3269 vident
779 3205 859 3290 quid
889 3207 1018 3285 dicant,
1031 3207 1102 3290 -qui
1122 3203 1223 3272 simul
1246 3266 1251 3289 ,
1275 3227 1375 3274 cassu
1398 3230 1483 3292 meo,
1507 3207 1624 3282 Omnis
1646 3205 1746 3276 horno
1769 3207 1923 3288 mandax,
1943 3210 2060 3287 idest,
2078 3228 2147 3276 non
2163 3219 2257 3276 recte

240 3289 391 3356 tribuunt
411 3287 535 3356 nomin
565 3290 869 3374 concupiscentiam
898 3309 965 3355 non
993 3291 1222 3359 mortificatam
1274 3295 1436 3376 sermons.
1453 3295 1496 3359 de
1518 3289 1606 3358 Deo.

230 3393 263 3442 a
284 3375 402 3460 spirita
423 3385 552 3457 sancto,
576 3386 609 3440 et
628 3371 838 3442 dilectionem
859 3374 923 3442 Del
945 3395 1048 3460 saper
1070 3376 1192 3444 omnia.
1359 3377 1425 3448 llio
1445 3379 1490 3449 ila
1517 3375 1814 3464 ellantaduersarij
1838 3379 1936 3446 etiam
1957 3375 2141 3446 Lutherum
2163 3379 2255 3466 quod

327 3459 399 3526 Nos
421 3459 524 3547 igitur
544 3472 638 3526 recte
659 3463 885 3546 expressimus
913 3471 1080 3547 utrunque
1105 3463 1137 3528 in
1167 3463 1223 3528 da·
1272 3465 1469 3550 scripserit,
1492 3399 1673 3554 Peccatum
1696 3463 1835 3552 originis
1865 3485 1999 3532 manere
2020 3476 2099 3551 post
2126 3451 2255 3551 Bapt'is·

240 3546 422 3630 scriptione
439 3543 774 3632 peccatiOriginalis,
790 3545 1108 3618 videlicetdclectus
1130 3544 1221 3628 illos,
1272 3571 1373 3630 mum,
1398 3551 1535 3616 Addunt
1557 3547 1646 3616 hun'c
1668 3549 1842 3617 articulum
1865 3551 1936 3616 iura
1963 3553 2151 3618 damnatum
2175 3572 2255 3619 esse

239 3649 308 3700 non
331 3651 440 3718 posse
456 3629 534 3696 Deo
561 3633 716 3709 credere,
744 3653 813 3700 non
844 3653 949 3719 posse
971 3631 1079 3700 Deum
1106 3635 1223 3700 timere
1271 3656 1296 3701 a
1316 3633 1431 3704 Leone
1452 3658 1486 3703 x.
1506 3635 1573 3704 Sed
1594 3633 1713 3702 Caesa.
1736 3633 1805 3703 llla.
1823 3639 1857 3702 in
1880 3633 2034 3705 hocloco
2047 3635 2254 3704 manifestam

240 3735 283 3784 ac
315 3715 464 3803 diligere.
518 3714 600 3782 ltem
637 3716 764 3783 habere
796 3720 1102 3803 concupiscentiam
1136 3740 1222 3806 quae
1273 3719 1471 3788 calumniam
1494 3715 1740 3808 deprehendet.¹
1761 3721 1878 3788 Sciunt
1905 3725 1991 3788 euim
2013 3723 2197 3808 aduersarij
2220 3723 2255 3788 in

240 3801 391 3870 carnalla
411 3801 542 3887 quaerit
564 3813 681 3866 contra
703 3804 840 3870 verbum
859 3802 936 3883 Dei,
946 3801 1013 3870 hoo
1034 3817 1098 3884 est,
1121 3824 1221 3891 quae·
1273 3828 1371 3893 quam
1393 3809 1597 3874 sentenciam
1619 3805 1787 3874 Lutherus
1808 3809 1875 3874 hoc
1895 3809 2017 3876 dictum
2041 3805 2137 3886 velit,
2165 3807 2254 3896 quod

239 3889 284 3952 rit
304 3909 373 3956 non
395 3884 506 3954 solum
533 3885 725 3971 voluptates
753 3891 923 3972 corporis,
949 3892 1010 3974 sed
1043 3891 1143 3955 etia-‚n
1171 3909 1222 3954 sa·
1247 3937 1249 3949 J
1272 3906 1447 3977 paccatum
1479 3893 1617 3980 originis
1653 3891 1813 3980 reliquum
1854 3894 1896 3957 sit
1927 3906 2005 3979 post
2036 3892 2254 3979 Baptismum,

239 3975 397 4059 pientiam
418 3985 453 4037 et
472 3971 637 4039 iusticiam
659 3971 847 4052 carnalem,
863 3983 906 4047 ,et
928 3973 1065 4040 confidit
1085 3975 1140 4043 his
1164 3973 1221 4044 bo·
1274 3977 1412 4062 Semper
1431 3980 1477 4044 ita
1499 3979 1650 4062 scripsit,
1673 3979 1763 4065 qnod
1784 3978 1976 4064 Baptismus
2004 3975 2099 4045 tollat
2125 3992 2253 4046 reatum

240 4060 312 4139 nis,
333 4071 552 4125 contemnens
574 4057 694 4138 Deum,
725 4058 843 4146 Neque
863 4057 973 4124 solum
995 4071 1141 4139 veteres,
1159 4062 1221 4127 sad
1272 4065 1404 4148 peccati
1425 4060 1609 4152 originalis,
1626 4065 1723 4128 etiam
1746 4064 1776 4129 si
1798 4059 1978 4146 materiale,
1997 4077 2032 4130 vt
2052 4067 2106 4131 isti
2117 4075 2252 4144 vocant,

239 4147 340 4211 etiam
361 4143 585 4222 recentiores,
614 4143 651 4207 Si
680 4145 737 4229 qni
759 4156 837 4216 suut
859 4145 1072 4213 cordaciores
1101 4147 1223 4212 docent
1272 4151 1401 4236 peccati
1433 4162 1583 4228 maneat,
1622 4148 1778 4216 videlicet
1818 4151 2097 4235 concupiscentia.
2151 4150 2252 4217 Addi-

143 4271 147 4280 ι
240 4229 342 4318 simul
369 4232 435 4295 ista
456 4248 537 4296 vere
565 4240 736 4312 peccatum
769 4230 909 4316 originis
938 4249 1034 4308 esse,
1067 4229 1220 4298 deiectus
1270 4235 1320 4300 dit
1335 4239 1404 4313 ΝΥ
1419 4235 1517 4300 etiarn
1545 4235 1587 4300 de
1614 4233 1794 4314 materiali,
1826 4237 1916 4322 quod
1947 4237 2082 4302 siritus
2114 4250 2253 4304 sanctus

240 4313 408 4395 videlicet,
431 4331 518 4398 qnos
546 4314 716 4393 recensui,
747 4330 780 4384 et
808 4317 1119 4402 concupiscentiam.
1163 4317 1221 4384 Sic
1272 4321 1371 4388 datus
1393 4340 1454 4406 per
1481 4320 1703 4406 Baptismum,
1726 4322 1841 4408 incipit
1868 4259 2069 4389 mortihcare
2095 4343 2202 4389 conen
2226 4323 2253 4388 i·

242 4403 329 4468 enim
351 4400 456 4487 inquit
476 4398 639 4478 Thomas,
662 4400 841 4470 Peccatum
867 4403 1004 4489 originis
1026 4402 1129 4470 habet
1154 4403 1220 4487 pri·
1271 4407 1452 4484 scentiam,
1483 4419 1517 4472 et
1545 4425 1654 4474 nouos
1686 4417 1798 4474 motus
1827 4418 1919 4474 creat
1944 4407 1979 4474 in
2011 4405 2153 4474 homine.
2197 4345 2252 4475 Ad

235 4489 409 4554 nationem
432 4483 605 4570 originalis
627 4487 789 4567 iusticias,
812 4499 846 4552 et
868 4509 943 4554 curn
965 4486 1032 4554 hoc
1053 4487 1221 4556 inordina·
1272 4494 1414 4558 cundem
1442 4493 1576 4558 modurn
1605 4488 1752 4579 loquitur
1785 4506 1817 4558 ει
1845 4492 2074 4580 Augustinus,
2108 4494 2163 4582 qui
2195 4497 2252 4572 ait,

199 4581 203 4588 '
243 4585 310 4640 mm
338 4569 588 4656 dispositionem
615 4577 757 4656 partium
784 4574 929 4654 animae,
957 4575 1045 4644 vnde
1071 4595 1138 4642 non
1166 4585 1220 4640 est
1271 4575 1451 4660 Peccatum
1474 4579 1508 4644 in
1530 4579 1702 4664 Baptismo
1724 4579 1917 4660 remittitur,
1945 4601 2013 4646 non
2035 4591 2072 4646 vt
2099 4601 2168 4646 non
2197 4580 2252 4664 sit,

241 4659 391 4810 priumie
413 4675 515 4740 pura,
538 4657 608 4722 Sed
630 4657 763 4742 quidam
783 4659 917 4724 habitus
945 4674 1134 4744 corruptus.
1177 4657 1220 4724 Et
1271 4663 1333 4728 sed
1356 4674 1394 4728 vt
1415 4683 1483 4730 non
1504 4665 1690 4751 imputetur.
1709 4669 1760 4742 ¹⁴)
1803 4663 1866 4729 llic
1888 4663 1998 4752 palam
2018 4663 2140 4732 latetur
2161 4685 2252 4746 esse,

207 4783 213 4798 ·
272 4754 490 4820 onauentura,
513 4739 597 4810 Cum
615 4744 785 4828 quaeritur
806 4745 885 4828 quid
907 4747 951 4812 sit
968 4743 1220 4843 originalepec

241 4841 364 4907 catum,
385 4837 479 4896 recte
499 4829 735 4913 respondetur,
762 4830 853 4916 quod
874 4832 920 4898 sit
947 4831 1220 4916 concupiscentia

240 4916 468 4984 immoderata.
494 4911 620 5012 ,liecte
643 4916 750 4983 etiam
780 4918 1021 5002 respondetur,
1055 4917 1144 5001 quod
1177 4917 1221 4984 sit
1274 4938 1682 5010 11)eatsntc,]sdm.a74.=
1702 4943 1844 5010 εποιεῖτε,
1881 4999 1884 5008 λ
1964 4974 1966 4982 .
2077 4999 2092 5010 .,
2215 5003 2219 5011 Ι

1274 5025 1321 5092 12)
1339 5038 1439 5088 meum,
1457 5024 1544 5093 Item]
1562 5026 1643 5076 Editt.
1663 5027 1754 5076 ΗΛ
1772 5041 1866 5096 meam.
1892 5027 1968 5091 Item,

1275 5111 1319 5177 ra)
1339 5110 1462 5179 suatur]
1482 5113 1520 5164 aa
1538 5111 1621 5164 narra
1642 5111 1731 5178 με,
1749 5113 1799 5165 m.
1817 5117 1859 5166 a=
1876 5111 1961 5164 aaut

243 5190 289 5258 ιο)
307 5185 415 5255 iuquit]
434 5185 485 5237 Ed.
502 5185 544 5243 tn
560 5187 679 5254 lnquit,
881 5245 885 5252 ,
1084 5230 1087 5254 ,
1160 5235 1185 5261 .,
1274 5195 2053 5266 14)tmputatur.]aicssdttt.1-t.;1td,t.:repntetnr.
