4920 5672
218 253 331 344 ω’
671 225 1778 380 emitumsoarrrnoocttnncaarsuneouos,
2171 266 2238 337 tut

224 464 548 550 concupiscentiam,
569 479 636 526 non
658 471 786 526 tantum
806 469 903 524 actus
925 475 987 523 seu
1008 455 1137 522 imatus
1158 456 1206 522 in·
1257 457 1331 528 ctat
1375 456 1545 532 Quorsum
1567 474 1654 541 opus
1681 455 1744 523 erit
1771 455 1891 540 spiritu
1916 465 2054 536 uncto,
2087 456 2119 522 si
2147 457 2238 528 tim

223 549 419 639 taliigimus,
442 550 504 614 sed
525 558 720 632 perpetuam
741 557 882 610 neutrae
902 541 1161 608 inclinationem.
1256 542 1418 610 humanae
1439 561 1500 628 per
1521 559 1599 606 sesa
1620 552 1764 626 posetmt
1787 541 1897 610 Deum
1917 563 2027 628 super
2050 543 2163 612 omnia
2189 544 2237 614 tll·

313 637 382 702 Sed
409 645 528 720 postea
557 633 774 698 ostendemus
807 627 959 714 pluribus
987 628 1119 702 verbis,
1147 647 1207 692 no·
1255 626 1382 716 ligere,
1403 640 1438 696 et
1458 636 1637 714 praecepta
1659 625 1724 694 Dei
1751 625 1885 696 lacerat
1928 627 2011 703 Quia
2039 647 2107 706 non
2135 629 2238 711 videt,

225 735 330 790 stram
352 720 610 805 descriptionem
632 717 823 786 consentire
844 735 919 780 curn
940 715 1061 781 usitata
1087 733 1130 778 ac
1150 731 1207 780 va·
1256 735 1355 800 quam
1387 726 1606 801 praepostere
1639 716 1786 780 sentiant
1816 714 2023 800 aduemariji
2076 713 2239 785 Leuiores

225 809 289 877 tari
323 806 521 873 definitione.
579 803 677 870 Prius
717 803 803 868 enim
841 797 1019 868 consilium
1054 809 1206 866 ausuum
1255 803 1393 866 morbos
1426 802 1460 866 in
1492 809 1615 864 natura
1646 798 1790 866 hominis
1822 813 2030 888 agnoscunt,
2063 801 2238 888 grauiores

98 925 102 938 =
225 894 438 980 aperiendum
473 901 543 970 est,
576 909 636 955 cur
665 888 719 953 his
750 889 958 974 potissimum
992 886 1106 951 verbis
1139 883 1206 950 hoo
1256 887 1395 952 morbos
1424 904 1493 950 nou
1525 895 1734 970 agnoscunt,
1760 888 1804 951 de
1832 886 1952 971 quibus
1982 899 2093 954 tamea
2114 888 2239 973 ubique

222 977 303 1046 loco
327 981 380 1044 vsi
402 979 515 1044 simus.
547 973 742 1060 Aduersarij
765 975 799 1038 in
822 970 949 1039 scholis
971 968 1117 1037 fatentur
1138 989 1206 1036 ma·
1256 972 1414 1038 admonet
1433 989 1499 1036 uos
1520 969 1699 1053 scriptura,
1721 981 1755 1036 et
1765 970 1832 1036 Pro
1856 969 1954 1036 hetae
1976 983 2137 1078 perpetuo
2159 992 2239 1039 con·

225 1062 343 1132 teriale
365 1072 416 1144 (vt
436 1067 574 1137 vocant)
596 1062 728 1144 peccati
749 1059 923 1146 originalis
945 1075 1024 1124 essa
1047 1056 1206 1140 concupi·
1256 1069 1452 1142 queruntur,
1471 1052 1639 1134 videlicet,
1662 1058 1705 1122 de
1727 991 1855 1122 carnal
1875 1070 2073 1138 secuntate,
2094 1058 2137 1124 da
2159 1078 2239 1126 con·

226 1151 407 1230 wantiam,
424 1168 528 1235 quare
547 1151 582 1212 in
604 1146 793 1212 deliniendo
814 1164 884 1212 non
904 1141 966 1208 luit
991 1153 1206 1228 praetereun-
1256 1153 1382 1230 tempto
1403 1142 1485 1220 Dei,
1504 1141 1548 1206 da
1565 1142 1641 1207 odio
1665 1142 1748 1220 Dei,
1775 1155 1808 1208 et
1829 1141 1993 1208 shnilibus
2014 1143 2105 1230 vitijs
2125 1145 2238 1210 nobis·

226 1237 287 1314 da,
315 1233 511 1320 praesertim
536 1231 604 1300 hoc
625 1243 793 1318 tempore,
820 1251 897 1296 eum
919 1229 962 1295 de
988 1249 1029 1294 aa
1057 1223 1207 1294 nonnulli
1229 1219 1233 1349 ⁴
1258 1249 1333 1296 cum
1353 1229 1462 1306 natis,
1484 1226 1555 1292 Sed
1576 1239 1752 1313 postquam
1776 1226 1970 1296 scholastici
1993 1229 2241 1296 admiscuerunt

226 1326 342 1407 parum
365 1318 522 1405 religiose
544 1316 835 1403 philosophantur.
1230 1358 1235 1388 ,
1258 1316 1429 1380 doctrinae
1451 1309 1677 1391 Christianae,
1701 1311 1950 1399 Philosophiam
1971 1315 2014 1380 de
2035 1311 2241 1398 perfectione

314 1405 455 1480 Quidam
478 1405 564 1470 enim
588 1397 769 1490 dtipuum,
792 1410 966 1486 peceatum
978 1401 1116 1486 originis
1139 1418 1207 1464 non
1230 1389 1235 1492 l
1257 1411 1406 1472 naturae,
1427 1409 1462 1464 et
1483 1396 1676 1484 plusquam
1698 1401 1781 1466 sads
1802 1410 1893 1479 erat,
1914 1397 2023 1466 libero
2044 1402 2183 1468 arbitrio
2205 1411 2240 1468 et

227 1512 306 1558 esse
326 1491 463 1578 aliquod
492 1493 526 1555 in
556 1501 675 1556 natura
700 1488 844 1554 hominis
872 1486 1013 1566 vicium,
1043 1505 1106 1552 seu
1135 1503 1209 1550 cor·
1258 1485 1391 1552 actibus
1420 1481 1589 1588 ⁹¹¹⁰lll⁵.⁹)
1623 1486 1826 1590 tribuerunt,
1853 1496 1886 1552 et
1912 1485 2064 1552 homines
2091 1483 2240 1572 philoso-

226 1579 425 1664 ruptionem‚
444 1577 506 1643 sed
527 1587 655 1642 tantum
676 1573 883 1650 seruitutem,
904 1591 968 1637 seu
985 1571 1208 1636 conditionem
1230 1495 1235 1616 l
1257 1571 1358 1657 phica
1379 1589 1441 1635 seu
1464 1567 1552 1636 oroth
1572 1582 1721 1650 tustrcra,
1745 1591 1843 1657 quatu
1865 1583 1900 1638 et
1924 1591 1989 1638 uos
2016 1570 2162 1638 fatemur
2188 1591 2241 1638 ra·

85 1725 88 1735 ,
226 1664 454 1744 mortalitatis,
478 1681 577 1747 quam
603 1659 782 1746 propagati
808 1677 851 1722 ex
872 1657 982 1722 Adam
1011 1658 1208 1734 sustineant,
1230 1625 1240 1722 l
1259 1657 1342 1723 tioui
1364 1657 1548 1724 subiectam
1571 1675 1667 1735 assa,
1694 1668 1730 1722 et
1750 1655 1863 1742 aliquo
1884 1657 1984 1724 modo
2011 1659 2045 1722 in
2072 1667 2240 1742 potestate

226 1751 301 1816 sine
323 1747 436 1834 aliquo
458 1746 597 1832 proprio
617 1746 717 1824 vicio,
738 1754 877 1829 propter
897 1739 1042 1808 alienam
1065 1739 1207 1824 culpam.
1258 1752 1375 1808 nostra
1397 1759 1495 1818 asse,
1515 1739 1689 1808 iustificati
1711 1761 1823 1808 coram
1846 1739 1921 1808 Deo
1943 1743 2151 1822 docueruut,
2170 1760 2239 1810 nou

227 1835 404 1902 Praeterea
426 1833 565 1909 addunt,
587 1832 750 1896 nerninem
774 1831 922 1894 damnari
943 1839 1051 1894 morte
1073 1839 1208 1892 aeterua
1257 1837 1437 1914 potuerunt
1447 1825 1561 1892 udere
1576 1827 1764 1892 interiorem
1774 1828 2014 1894 immundiciam
2026 1839 2168 1896 naturae
2179 1826 2238 1894 ho·

225 1932 363 2008 propter
383 1928 557 2004 peccatum
587 1917 743 2002 originis,
776 1914 871 1980 Sicut
902 1933 943 1979 ex
973 1909 1097 1977 ancilla
1118 1913 1208 1977 sarni
1232 1947 1236 1956 ·=
1258 1913 1397 1991 minum,
1418 1912 1536 1997 Neque
1554 1913 1641 1976 enim
1662 1923 1775 1997 potest
1796 1913 1955 1993 iudicari,
1983 1913 2110 1979 nisiex
2132 1915 2238 1980 verbo

225 2017 422 2077 nascuntur,
445 2015 478 2068 et
499 2001 589 2068 hanc
611 2003 833 2067 conditionem
855 2001 928 2064 sina
948 2010 1089 2064 naturae
1105 1997 1208 2084 vtttjs,
1231 1961 1236 2044 l
1258 1999 1323 2064 Dei
1330 2043 1341 2077 ,
1370 1998 1462 2083 quod
1488 1994 1682 2064 scholastici
1712 1999 1746 2063 in
1769 1999 1840 2064 suis
1869 1999 2148 2084 disputationibus
2169 2019 2237 2066 non

226 2094 288 2158 sed
309 2102 447 2177 propter
468 2085 688 2152 calamitatem
711 2086 826 2150 matris
854 2085 1036 2166 sustinent,
1058 2061 1151 2162 lios,
1172 2092 1209 2146 vt
1259 2103 1364 2168 saepe
1385 2093 1541 2148 tractant.

226 2177 316 2244 hanc
341 2177 474 2260 impiam
506 2171 694 2257 opinionem
721 2168 987 2256 significaremus
1014 2169 1113 2234 nobis
1141 2168 1209 2232 dis·
1345 2166 1419 2234 ldae
1439 2166 1574 2234 inerunt
1594 2185 1736 2251 causae,
1766 2189 1827 2236 our
1848 2169 1884 2234 iu
1913 2169 2137 2254 descriptione
2162 2189 2240 2254 peo-

225 2263 363 2350 plicere,
387 2259 679 2344 concupiscentiae
696 2257 895 2321 mentionem
912 2253 1064 2334 fecimus,
1082 2255 1207 2338 optimo
1259 2254 1327 2319 cati
1360 2254 1518 2340 originis,
1549 2265 1585 2319 et
1610 2255 1903 2338 concupiscentiae
1919 2257 2133 2321 'mentionem
2159 2256 2240 2323 faci·

181 2375 187 2400 ·
226 2351 337 2416 animo
358 2347 495 2412 morbos
518 2341 780 2421 nominauimus,
808 2353 842 2406 at
862 2339 1096 2426 exposuimus,
1117 2338 1209 2424 quod
1258 2357 1351 2417 mue,
1382 2351 1418 2406 et
1450 2339 1652 2406 detraximus
1684 2337 1893 2405 naturallbus
1925 2341 2053 2407 viribus
2085 2340 2239 2422 hominis,

227 2446 348 2501 natura
370 2430 537 2497 hominum
558 2438 714 2512 corrupta
737 2437 769 2491 et
790 2427 919 2492 viciose
940 2437 1110 2492 nascatur.
1258 2425 1409 2496 umorem
1438 2439 1473 2492 et
1499 2423 1653 2490 bdudom
1681 2444 1761 2510 erga
1792 2424 1919 2506 Deum,
1950 2425 2125 2493 Voluimus
2153 2428 2240 2493 euim

314 2517 433 2605 Neque
454 2535 535 2580 vero
558 2523 683 2578 tantum
706 2513 1009 2597 concupiscentium
1026 2509 1208 2576 nominaui·
1259 2509 1466 2598 significare,
1500 2511 1589 2595 quod
1622 2522 1797 2596 peccatum
1831 2511 1970 2600 originis
2008 2511 2072 2577 hos
2107 2531 2241 2599 quoque

227 2625 322 2685 mus,
351 2605 414 2670 sed
441 2601 582 2666 diximus
609 2599 706 2664 edam
735 2598 856 2663 deesse
884 2599 1035 2663 timorem
1064 2595 1148 2676 Dei,
1176 2605 1210 2660 et
1258 2596 1393 2661 morbos
1419 2596 1606 2676 contineat,
1634 2597 1877 2682 ignorationem
1905 2596 1986 2676 Dei,
2016 2608 2241 2683 contemptum

169 2733 170 2738 κ
228 2691 339 2769 fidem,
361 2689 398 2752 ld
416 2685 482 2752 hoc
512 2680 653 2748 consilio
680 2684 872 2748 adiecimus.
916 2681 1107 2748 Extenuant
1133 2699 1208 2765 pec·
1258 2679 1334 2768 Dei,
1357 2688 1479 2746 vacate
1501 2691 1590 2746 metu
1612 2680 1684 2751 Dei,
1707 2695 1741 2748 et
1761 2681 1884 2750 fiducia
1904 2684 1988 2768 er'ga
2015 2681 2142 2762 Deum,
2170 2703 2240 2747 non

228 2789 337 2843 cetum
366 2772 513 2855 Originis
543 2780 577 2832 ct
600 2763 796 2834 scholastici
824 2770 999 2846 doctores,
1027 2779 1097 2830 non
1124 2767 1208 2831 satis
1257 2775 1361 2852 posse
1388 2764 1529 2854 diligere
1552 2765 1674 2833 Deum.
1719 2767 1815 2835 Haeo
1839 2779 1918 2833 sunt
1943 2769 2125 2856 praecipua
2151 2769 2240 2835 vicia

226 2855 451 2943 intelligentes
481 2853 704 2919 definitionem
732 2854 862 2940 peccati
891 2849 1081 2938 originalis,
1110 2872 1209 2939 quam
1257 2863 1399 2919 naturae
1415 2851 1592 2935 humanae,
1612 2855 1797 2941 pugnantia
1817 2855 1953 2942 proprie
1977 2873 2051 2920 oum
2073 2854 2181 2940 prima
2191 2865 2240 2922 ta·

226 2948 431 3027 acceperunt
450 2961 471 3004 a
494 2939 656 3022 patribus,
699 2937 755 3005 Da
776 2938 890 3006 fomite
912 2939 1097 3026 disputant,
1118 2937 1208 3024 quod
1258 2935 1338 3006 bula
1359 2935 1523 3025 decalogi.
1818 2953 1822 2961 ·
2264 3003 2276 3029 .

228 3032 272 3095 sit
293 3023 436 3112 qualitas
467 3026 638 3111 emperie,
667 3036 701 3090 et
728 3037 765 3090 vt
789 3045 852 3092 sno
878 3040 972 3092 more
1000 3025 1068 3089 sint
1095 3023 1208 3109 inepti,
1342 3023 1462 3110 Neque
1494 3025 1574 3090 noui
1606 3025 1784 3114 quidquam
1814 3023 1966 3090 diximus.
2019 3023 2127 3091 Vetus
2159 3023 2240 3095 deli·

228 3123 391 3202 quaerunt
412 3125 520 3176 utrum
543 3107 685 3196 qualitas
707 3107 783 3192 illa,
807 3111 1008 3262 contagione
1028 3111 1137 3196 pomi,
1164 3127 1208 3174 art
1256 3109 1338 3174 nitio
1360 3121 1454 3176 recte
1481 3105 1650 3177 intellecta
1679 3127 1820 3197 prorsus
1846 3110 1933 3176 idem
1960 3111 2057 3192 dicit,
2086 3109 2170 3178 (lunt
2195 3111 2241 3176 ait

228 3221 269 3268 ex
289 3194 403 3263 aillatu
422 3197 588 3284 serpentis
611 3207 785 3265 contracta
812 3198 874 3276 sit,
933 3207 1020 3262 trum
1046 3205 1210 3284 augeatur
1256 3207 1432 3345 peccatum
1453 3195 1592 3284 originis
1613 3199 1794 3262 carentiam
1815 3213 1894 3262 esse
1916 3196 2068 3264 iusticias
2098 3197 2240 3284 origina-

227 3284 485 3352 medicamentis.
531 3281 727 3366 Huiusmodi
779 3283 1009 3356 uaestionibua
1032 3299 1208 3368 oppresse·
1272 3303 1313 3347 rs.
1367 3280 1457 3355 Quid
1495 3294 1549 3346 est
1587 3294 1696 3346 autem
1718 3281 1910 3347 -iusticia'b
1943 3279 2150 3349 Scholastici
2182 3282 2238 3352 hic

227 3379 305 3438 runt
325 3367 509 3455 ptincipale
530 3359 724 3454 negocium,
750 3303 799 3437 lla

802 3387 865 3458 que
897 3379 972 3436 eum
1000 3361 1042 3435 de
1067 3368 1207 3454 peccato
1229 3381 1236 3451 t
1257 3367 1408 3434 rixantur
1440 3367 1486 3436 de,
1506 3361 1700 3437 'dialecticis
1729 3369 1999 3453 quaestionibus,
2033 3363 2103 3433 non
2135 3367 2238 3456 expli·
2372 3399 2377 3410 1

229 3439 378 3540 Originis
400 3450 599 3540 loquuntur,
626 3456 781 3540 grauiora
802 3455 889 3520 vicia
921 3454 1088 3520 humanae
1113 3465 1208 3517 natu·
1259 3467 1337 3518 cant
1358 3453 1438 3540 quid
1459 3451 1502 3515 sit
1521 3453 1656 3518 iusticie
1677 3449 1870 3540 Originalis.
1914 3453 2022 3518 Porro
2044 3453 2177 3520 iusticia
2202 3455 2239 3518 in
2348 3514 2353 3531 ,

228 3561 287 3608 rae
305 3559 372 3604 non
391 3551 663 3618 commemorant,
682 3538 809 3604 scilicet
826 3539 1068 3626 ignorationem
1081 3539 1114 3616 Β)
1131 3537 1208 3615 Dei,
1259 3539 1450 3622 scripturis,
1475 3539 1622 3603 continet
1643 3539 1711 3602 'non
1733 3547 1860 3604 tantum
1882 3539 2064 3606 secundam
2091 3536 2239 3605 tabulam

230 3633 455 3709 contemptum
466 3621 543 3700 Dei,
564 3643 688 3690 vacare
698 3635 788 3689 metu
810 3634 844 3689 et
865 3623 985 3690 iiducia
994 3622 1071 3701 Dei,
1094 3623 1209 3688 odisse
1258 3620 1388 3688 Deculo
1414 3625 1442 3702 i,
1470 3624 1532 3689 sed
1556 3626 1695 3708 primam
1722 3643 1872 3710 quoque,
1919 3645 1984 3691 uae
2010 3627 2174 3712 praecipit
2196 3625 2238 3691 da

228 3711 383 3780 indicium
401 3705 477 3788 Dei,
499 3706 618 3796 iugero
639 3709 746 3775 Deum
767 3710 978 3790 iudicantem,
999 3709 1100 3775 irasci
1121 3707 1208 3791 Deo,
1259 3712 1377 3775 timore
1390 3644 1539 3786 lleide
1561 3709 1639 3790 fide,
1658 3711 1700 3776 dc
1721 3730 1836 3777 amore
1856 3645 1931 3776 nell.
1974 3708 2090 3798 itaque
2107 3711 2238 3776 iusticia

227 3801 410 3882 desperare
437 3797 596 3882 gratiam,
628 3794 754 3860 hahere
781 3795 937 3860 fiduciam
969 3816 1078 3860 rerum
1111 3815 1208 3881 prae-
1259 3791 1438 3881 Originalis
1460 3792 1614 3862 habitura
1635 3807 1708 3862 erat
1729 3817 1797 3862 non
1820 3791 1929 3861 solum
1951 3791 2092 3882 aequale
2114 3808 2237 3882 tempe·

227 3885 368 3951 sentium
393 3891 456 3946 etc.
499 3877 572 3968 Hos
595 3884 748 3960 morbae,
764 3883 831 3966 ¹qui
859 3881 1002 3946 maxime
1028 3881 1208 3947 aduersan-
1259 3892 1439 3946 ramentum
1458 3879 1651 3966 qualitatum
1670 3883 1835 3966 corporis,
1851 3883 1912 3969 sed
1931 3881 2063 3951 etiamh
2085 3882 2237 3962 acdona,

226 3985 282 4038 tur
299 3967 368 4052 legi
389 3963 471 4048 Dei,
500 3972 567 4032 no'n
596 3969 862 4034 animaduertunt
900 3965 1116 4044 scholastici,
1138 3967 1208 4031 lmo
1230 3982 1236 4046 Ι
1258 3966 1414 4034 noticiam
1435 3964 1501 4032 Dei
1524 3969 1709 4047 certiorem,
1727 3969 1876 4034 timorem
1893 3965 1971 4048 Dei,
1988 3902 2143 4034 fiduclam
2156 3965 2236 4046 Dei,

225 4057 374 4124 tribuunt
395 4055 525 4120 interim
548 4047 710 4118 humanae
731 4064 870 4118 naturae
887 4053 1038 4138 integras
1055 4053 1146 4117 vires
1165 4052 1208 4116 ad
1257 4065 1315 4120 aut
1334 4064 1425 4118 certe
1446 4053 1693 4131 rectitudinem,
1724 4065 1759 4120 et
1786 4054 1850 4118 viui
1881 4051 1947 4120 ist'a
1970 4049 2145 4122 efficiendi.
2188 4053 2237 4120 ld·

94 4201 101 4208 .
227 4137 431 4226 diligendum
453 4137 562 4203 Deum
584 4139 831 4221 superomnia,
858 4139 901 4204 ad
931 4135 1086 4204 iacienda
1112 4157 1207 4225 prae·
1258 4158 1325 4224 que
1339 4147 1486 4206 testatur
1506 4139 1670 4222 scriptura
1691 4160 1766 4204 cum
1784 4138 1897 4226 inquit,
1914 4137 2079 4204 homiuem
2097 4140 2142 4205 ad
2157 4139 2237 4208 ima·

228 4235 327 4312 cepta
348 4223 426 4305 Dei,
439 4245 510 4330 ‘quo
524 4225 577 4328 'ad
598 4224 817 4289 substantiam
839 4233 984 4330 actuum,
1001 4221 1074 4328 ileo
1095 4225 1209 4291 vident
1229 4241 1236 4362 1
1259 4227 1368 4330 giqern
1390 4235 1424 4290 et
1451 4217 1695 4328 similitudinem
1721 4223 1786 4289 Dei
1813 4225 1980 4290 condittun
2005 4243 2092 4330 essa
2111 4311 2120 4329 ·
2136 4223 2236 4298 Quod

228 4311 622 4480 iittltdditnliit
642 4307 1209 4493 tittl’ttettzetiltttit
1257 4309 1624 4482 teletiittgtti
1646 4307 1849 4484 unqe,
1863 4309 2237 4480 bitettiiti‘tii

251 4419 309 4552 ull
341 4480 429 4550 aliud
459 4493 512 4546 est
544 4499 656 4567 quam⁸
671 4480 803 4546 'habere
841 4481 1017 4565 iusticiam,
1046 4481 1207 4568 originis?
1256 4495 1320 4554 ret,
1343 4494 1375 4548 et
1397 4483 1430 4546 in
1452 4503 1518 4568 qua
1540 4480 1704 4549 reluceret
1726 4482 1831 4563 Deus,
1852 4479 1920 4546 hoc
1938 4495 1990 4548 est
2007 4481 2131 4546 homini
2148 4481 2237 4554 dona

260 4569 327 4637 uod
350 4570 379 4634 si
399 4566 463 4658 has
485 4579 595 4653 tantas
617 4562 705 4636 vires
727 4565 829 4632 habet
849 4566 993 4634 humana
1013 4577 1150 4649 natura,
1171 4579 1208 4634 vt
1258 4586 1346 4660 esse·
1364 4567 1458 4647 datu,
1488 4569 1645 4644 noticiam
1677 4567 1758 4672 pei,
1790 4570 1941 4640 timorem
1967 4566 2049 4644 Dei,
2082 4567 2237 4633 fiduciam

222 4678 287 4751 per
320 4665 400 4718 sese
431 4655 540 4739 possit
564 4646 716 4746 diligere*
745 4650 853 4736 Deum
882 4655 1138 4740 superomnia,
1170 4666 1207 4719 vt
1259 4674 1341 4742 erga
1371 4650 1504 4733 Deum,
1537 4665 1571 4720 et
1601 4649 1730 4748 similia.
1781 4651 1841 4720 Sic
1864 4655 1951 4720 enim
1977 4651 2237 4738 interpretantur

228 4723 436 4811 coniillenter
457 4735 624 4804 affirmant
651 4719 862 4818 mittentem
890 4741 968 4827 quid
998 4741 1060 4804 erit
1086 4759 1206 4826 pecca·
1259 4737 1503 4808 similitudinem
1523 4735 1589 4806 Dei
1610 4739 1746 4822 ireneus
1774 4749 1816 4804 et·
1834 4737 2054 4816 Ambrosius,
2080 4739 2237 4824 quicum

227 4843 297 4900 tum
330 4825 491 4912 originis?
545 4823 711 4900 Quorsum
744 4836 853 4890 autem
882 4845 967 4910 opus
999 4822 1062 4890 erit
1100 4827 1208 4912 gratia
1259 4823 1325 4892 alia
1351 4824 1454 4893 multa
1485 4825 1520 4891 in
1552 4823 1640 4890 hanc
1667 4827 1872 4892 sentenciam
1896 4825 1995 4903 dicit,
2022 4836 2092 4891 tum
2114 4825 2162 4890 ita
2189 4823 2236 4888 iu·

231 4911 367 4991 Christi,
389 4911 419 4976 si
440 4930 505 4977 nos
526 4931 706 4998 possumus
733 4909 807 4976 iieri
833 4912 927 4996 iusti,
955 4911 1091 4995 propria
1117 4911 1207 4977 iusti-

1257 5031 1465 5052 ῳ

231 5081 436 5101 —un—

249 5189 278 5256 t)
295 5185 499 5254 terraconen]
515 5188 555 5239 aa
570 5185 651 5239 uua.
674 5188 696 5235 1.
716 5187 740 5236 a.
758 5189 801 5250 a,
819 5185 870 5238 ne.
887 5185 928 5239 a:
945 5187 1121 5252 recemum
1230 5150 1237 5228 l
1276 5186 1307 5255 e)
1325 5183 1431 5254 meae]
1448 5187 1486 5238 ae
1503 5185 1583 5238 uua
1602 5185 1697 5252 r-a.;
1715 5185 1767 5239 aa
1786 5191 1826 5238 er
1844 5183 1944 5238 aneu
