4894 5672
216 311 286 380 ata
569 309 611 378 u.
654 307 886 380 aroucam
906 306 1227 378 consessionis
1248 257 1570 376 succursum
1611 305 1654 374 s.
1698 303 1888 374 turnus„
2095 368 2100 389 ,
2168 307 2238 376 aee

219 501 259 570 ai
286 497 486 566 iustificatos
513 499 547 564 in
574 497 728 582 Christo,
764 517 850 586 opus
882 500 985 565 habat
1018 507 1055 564 vt
1081 508 1205 583 postea
1254 513 1374 564 omncs
1401 495 1615 582 praedicant,
1648 514 1712 560 nos
1744 495 1842 561 etiam
1873 496 1903 561 si
1933 494 2116 564 habeamus
2143 498 2236 564 bona

220 584 301 653 alibi
335 595 474 670 quaerat
499 585 688 670 iusticiam,
723 587 822 652 tribui
851 583 1008 662 Christo,
1042 585 1132 671 quod
1160 584 1204 648 sit
1255 597 1376 666 opera,
1401 593 1514 648 tamec
1539 583 1573 648 in
1603 579 1671 646 illis
1699 582 1798 648 honis
1826 583 1984 668 operibus
1998 584 2236 651 misericordie

220 667 1205 839 eilttttititiriiiitilli.'.l.i.t¹ti⁰..¹lt‘i.⁰tt
1254 667 2234 836 {ditiis.i¹..²⁰t.'.⁰.¹⁸⁰iitili¹.iiiti..iiiadii,

222 845 313 910 hona
334 861 438 928 opera
461 844 503 908 de
525 778 695 929 condi’grlo
718 843 909 908 mereadtur
926 778 1083 930 lusatiam,
1107 841 1204 926 quasi
1255 861 1331 906 cum
1353 843 1399 906 ita
1421 839 1560 906 efferunt
1582 840 1711 918 merita,
1732 851 1771 905 vt
1792 837 1873 905 nihil
1896 777 2021 906 adulant
2039 840 2157 908 dehac
2168 840 2235 906 iida

222 947 306 996 vero
328 939 407 1020 post
428 929 624 1014 principium
645 929 908 1008 iustificationis,
938 932 969 994 si
1000 927 1205 992 conscientia
1254 923 1528 1011 apprehendente
1554 926 1828 990 miscricordiam.
1884 927 1981 993 Sicut
2013 930 2100 992 enim
2131 945 2236 1012 supra

223 1025 404 1090 terreatur,
425 1027 462 1080 vt
482 1013 531 1091 fir,
553 1015 663 1100 gratia
686 1034 747 1099 per
769 1018 892 1084 honum
915 1033 1000 1100 opus
1012 1013 1205 1099 quaerenda
1254 1013 1397 1078 diximus
1425 1013 1680 1096 promissionem
1709 1025 1743 1076 et
1771 1009 1871 1076 iidem
1905 1010 2107 1079 correlatiua
2141 1031 2234 1091 essa,

222 1103 282 1179 ait,
303 1112 336 1165 et
357 1119 425 1163 non
447 1097 514 1166 fida
535 1100 570 1165 in
591 1098 786 1166 Christumi
1255 1117 1320 1164 nec
1352 1096 1559 1182 apprehendi
1591 1097 1847 1182 promissionem
1879 1099 1944 1164 nisi
1977 1097 2055 1164 lide.
2099 1096 2150 1162 lta
2179 1095 2236 1164 lric
2346 1095 2353 1104 '

312 1185 482 1252 Secundo.
546 1185 711 1251 Doctrina
748 1186 1018 1272 aduersariorum
1051 1181 1206 1268 relinquit
1255 1185 1397 1250 dicimos
1430 1183 1630 1266 promissam
1662 1182 1924 1248 misericordiam
1955 1181 2155 1250 correlatiue
2182 1201 2236 1248 re·

225 1271 452 1338 conscientias
479 1272 673 1358 ambiguas,
700 1283 739 1337 vt
765 1292 934 1358 nunquam
958 1281 1098 1356 pacatae
1126 1287 1204 1334 esse
1255 1271 1387 1355 quirere
1409 1269 1520 1348 fidem,
1545 1287 1610 1334 nec
1631 1287 1736 1353 posse
1754 1267 1959 1354 apprehendi
1970 1271 2034 1334 nisi
2047 1270 2124 1334 lide
2160 1268 2235 1336 lure

225 1370 362 1444 queant,
386 1357 465 1443 quia
486 1354 543 1422 lex
565 1375 698 1442 semper
719 1372 858 1424 accusat
874 1379 938 1423 nos
950 1359 1049 1421 etiarn
1059 1357 1094 1420 in
1107 1356 1206 1421 bonis
1255 1355 1357 1442 igitur
1377 1353 1652 1440 reprehendimus
1675 1355 1861 1420 doctrinam
1882 1357 2053 1421 demerito
2065 1353 2234 1440 condigni,

226 1443 394 1527 operibus.
440 1442 582 1528 Semper
601 1445 688 1508 enim
711 1464 791 1509 caro
814 1444 1024 1528 concupiscit
1040 1443 1205 1508 aduersus
1256 1461 1332 1506 eum
1360 1439 1442 1504 nihil
1470 1437 1605 1505 deiide
1632 1439 1832 1506 iustificante
1860 1442 1988 1521 tradat,
2018 1453 2053 1506 et
2074 1443 2236 1507 obscuret

227 1528 390 1616 spiritum.
441 1526 616 1602 Quomodo
643 1531 744 1615 igitur
764 1529 821 1594 hic
842 1527 978 1594 habehit
1000 1529 1206 1592 conscientie
1255 1525 1397 1614 gloriam
1420 1535 1453 1591 et
1475 1525 1621 1592 officium
1642 1527 1834 1591 mediatoris
1852 1525 1986 1592 Christi.
2031 1526 2148 1612 Neque
2169 1545 2233 1590 uos

226 1634 345 1699 pacem
368 1613 442 1678 sine
464 1613 544 1696 fide,
565 1611 604 1678 Si
626 1617 746 1680 sentiet
767 1615 857 1700 quod
878 1635 946 1680 non
960 1611 1205 1700 propterOhri·
1256 1613 1435 1698 quidquam
1458 1613 1523 1677 hac
1545 1613 1638 1677 inre
1661 1613 2235 1692 nouidocereexistimundisomus,

225 1710 337 1777 stum,
360 1700 421 1763 sed
444 1711 581 1784 propter
603 1720 687 1784 opus
709 1703 879 1785 proprium
902 1701 967 1765 iam
989 1698 1126 1784 placere
1149 1701 1205 1764 dc·
1257 1717 1332 1763 cum
1353 1709 1468 1782 patres
1485 1695 1690 1762 inEcelesia
1710 1698 1802 1762 hanc
1823 1699 2028 1764 sentenciam
2051 1709 2119 1763 tam
2142 1697 2235 1777 clara

227 1785 317 1852 beat.
363 1783 577 1869 Quod'opus
608 1787 769 1865 inueniet,
800 1788 890 1872 quod
916 1793 1043 1854 statuet
1071 1787 1206 1870 dignum
1256 1783 1464 1861 tradiderint,
1487 1784 1579 1869 quod
1601 1784 1832 1852 misericordia
1854 1785 2062 1869 indigeamus
2085 1786 2184 1848 etiam
2199 1786 2235 1850 in

228 1889 309 1936 esse
342 1871 411 1936 vita
446 1871 603 1936 aeterua?
657 1873 695 1936 Si
727 1872 859 1958 quidam
892 1889 973 1956 spes
1006 1891 1048 1938 ex
1080 1871 1207 1935 meritis
1258 1870 1355 1936 bonis
1373 1870 1541 1952 operibus.
1586 1868 1631 1932 Et
1652 1866 1820 1953 scriptura
1840 1871 1927 1934 idern
1948 1887 2053 1954 saepe
2075 1867 2234 1934 inculcat.

228 1956 330 2022 debet
364 1959 410 2034 ⁶⁹)
444 1957 600 2022 existere.
665 1959 841 2023 Aduersus
878 1955 941 2021 has
975 1957 1207 2023 dubitaciones
1257 1954 1294 2020 ln
1317 1951 1465 2022 Psalmo.
1510 1954 1585 2020 Non
1605 1955 1710 2018 intres
1732 1957 1766 2019 in
1788 1954 1942 2021 iudicium
1965 1967 2234 2034 cumseruotno,

228 2040 355 2109 Paulus
377 2042 493 2126 inquit.
547 2042 719 2110 iustificati
742 2064 783 2109 ex
804 2041 870 2108 fide
894 2055 1011 2128 pacem
1032 2044 1207 2119 hahemus,
1257 2042 1336 2126 quia
1367 2061 1436 2105 non
1469 2039 1704 2106 iustificabitur
1735 2042 1768 2104 in
1807 2053 1993 2126 conspectu
2032 2055 2092 2107 tuo
2126 2041 2235 2106 omnis

230 2138 322 2194 certo
355 2138 505 2194 statuere
538 2129 716 2210 debemuS,
749 2131 840 2216 quod
872 2140 1010 2214 propter
1038 2129 1207 2194 Christum
1257 2128 1387 2191 vinens.
1448 2125 1512 2191 llic
1551 2123 1746 2211 simpliciter
1778 2125 1920 2192 detrahit
1951 2129 2104 2193 omnibus
2136 2128 2236 2192 etiam

230 2213 375 2279 donetur
395 2215 493 2278 nohis
513 2213 658 2293 iusticie,
680 2229 715 2280 et
734 2218 957 2281 vitaaeterna.
992 2213 1035 2279 Et
1046 2214 1087 2281 de
1099 2215 1207 2280 Abra·
1257 2214 1386 2278 sanctis
1420 2224 1454 2278 et
1485 2213 1595 2278 seruis
1627 2209 1692 2276 Dei
1726 2211 1867 2298 gloriam
1898 2212 2069 2290 iusticias,
2093 2213 2135 2276 ·si
2166 2232 2236 2277 nou

230 2298 387 2378 hemaii,
410 2310 528 2364 contra
548 2317 641 2384 spem
663 2303 698 2364 in
720 2322 816 2386 spem
839 2302 989 2371 credidit.
1169 2369 1171 2374 ,
1257 2299 1414 2384 ignoscat
1429 2297 1535 2374 Deus,
1559 2299 1620 2363 sed
1642 2298 1765 2366 iudicet
1785 2309 1819 2362 et
1840 2309 1960 2384 arguat
1982 2299 2086 2364 corda
2108 2318 2235 2364 eorum.

317 2383 441 2450 Tertio.
498 2385 673 2458 Quomodo
703 2391 790 2454 sciet
817 2387 1039 2464 conscientia,
1072 2384 1207 2470 quando
1257 2387 1342 2450 Nam
1371 2385 1462 2469 quod
1489 2382 1569 2448 alibi
1597 2381 1760 2470 gloriatur
1786 2381 1898 2450 Dauid
1930 2384 1971 2450 de
1998 2403 2061 2450 sua
2089 2385 2235 2463 iusticia,

230 2489 317 2554 opus
332 2467 513 2537 inclinante
529 2469 588 2539 illo
606 2470 723 2537 habitu
740 2473 926 2538 dilectionis
948 2469 1073 2537 iactum
1095 2471 1150 2550 sit,
1172 2481 1208 2535 vt
1257 2468 1404 2554 loquitur
1425 2471 1468 2534 de
1487 2489 1591 2536 causa
1611 2488 1675 2534 sue
1696 2471 1862 2534 aduersos
1883 2481 2121 2554 persecutores
2138 2471 2235 2535 verbi
2304 2541 2308 2550 ⁸

229 2567 379 2622 statuere
391 2557 510 2639 possit,
526 2559 621 2706 guod
633 2558 676 2622 de
687 2559 855 2643 condigno
866 2568 1033 2626 mereatur
1044 2555 1208 2642 gratiam?
1257 2555 1340 2634 Dei,
1361 2575 1429 2620 non
1452 2553 1599 2640 loquitur
1621 2556 1664 2620 de
1683 2552 1853 2639 personali
1875 2557 2059 2633 mundicie,
2083 2567 2117 2620 et
2137 2567 2236 2640 rogat

229 2641 301 2708 Sed
322 2642 410 2706 haec
431 2643 506 2726 ipsa
552 2643 698 2708 istiuctio
720 2655 847 2710 tantum
869 2644 912 2708 ad
929 2641 1114 2709 eludendas
1125 2642 1208 2706 scri·
1259 2660 1396 2706 eausam
1429 2652 1461 2704 ct
1495 2638 1636 2726 gleriam
1663 2640 1726 2705 Dei
1754 2637 1905 2720 delendi,
1937 2652 1975 2706 vt
2002 2637 2136 2707 Psalmo
2165 2642 2234 2722 xij.
2293 2689 2297 2699 .

229 2737 347 2816 pturas
370 2729 515 2794 conficta
536 2740 606 2806 est,
633 2731 724 2814 quod
749 2727 836 2794 alias
863 2729 905 2794 de
926 2725 1208 2816 congruo‚*alias
1258 2726 1372 2794 ludica
1398 2745 1453 2791 me
1482 2727 1630 2806 domine,
1651 2728 1836 2794 secuudum
1857 2725 2022 2793 iusticiam
2043 2747 2167 2804 meam,
2201 2735 2237 2791 et
2374 2763 2381 2774 ·
2444 2705 2445 2754 3

111 2837 140 2881 s
229 2815 274 2879 de
301 2813 470 2900 condigno
497 2826 689 2880 mereantur
713 2813 881 2895 homines,
916 2817 1010 2900 quia,
1040 2825 1078 2881 vt
1104 2833 1209 2899 supra
1257 2812 1443 2878 secundum
1469 2813 1694 2880 innocentiam
1725 2831 1832 2879 meam
1866 2831 1969 2896 super
1999 2832 2069 2891 me,
2103 2811 2236 2878 Rursus

231 2900 391 2979 diximus,
419 2901 560 2966 intentio
590 2903 760 2986 operantis
786 2922 855 2966 non
882 2902 1054 2988 distinguit
1083 2920 1208 2986 genera
1257 2895 1394 2964 Psalmo
1418 2900 1529 2964 cxxix.
1551 2901 1606 2964 ait
1646 2899 1817 2964 Neminem
1840 2917 1946 2984 posse
1967 2900 2135 2964 sustinere
2155 2897 2236 2963 iudi·

166 3033 172 3050 .
229 2985 439 3065 meritorum,
466 2986 529 3051 sed
549 2983 753 3072 Hypocritae
773 2990 885 3054 securi
907 2991 1062 3054 sanciunt
1082 2981 1207 3071 simpli·
1257 2985 1345 3051 cium
1368 2983 1450 3055 Dei,
1480 2986 1510 3050 si
1539 2986 1699 3050 ohseruct
1724 2997 1867 3070 peccata
1888 2995 2015 3050 nostra.
2059 2984 2098 3049 Si
2118 2983 2236 3070 iniqui·

230 3071 313 3138 citer
335 3089 438 3154 opera
460 3089 523 3135 sua
546 3091 624 3136 esse
645 3075 759 3160 digna,
782 3086 818 3139 vt
834 3085 1011 3159 propterea
1021 3073 1204 3156 urstirepu·
1257 3081 1347 3136 tates
1370 3070 1605 3136 obser-ceucris
1624 3071 1766 3149 domine,
1788 3069 1920 3136 domine
1941 3068 2018 3146 ouis'
2037 3067 2236 3136 sustinebit?

229 3165 352 3261 tentor.
396 3155 546 3260 Econtra
573 3159 708 3223 territae
736 3161 965 3225 conscientiae
987 3161 1030 3223 de
1053 3158 1208 3222 omnibus
1257 3155 1301 3221 Et
1327 3155 1386 3222 loh
1414 3157 1459 3220 is.
1494 3155 1648 3260 Varehar
1675 3159 1789 3260 omnia
1815 3175 1919 3240 opera
1944 3173 2028 3222 mea.
2065 3153 2169 3260 ⁴item,
2198 3152 2237 3216 Si

229 3244 389 3394 titii?
403 3241 727 3414 ..illitaditt
748 3243 1208 3408 reddideritis
1258 3236 2237 3410 diritatis:ii.,¹²tlt.i.iiltt¹2¹id⁶.¹i

229 3413 297 3480 lide
321 3414 472 3500 operari,
495 3413 603 3480 donec
626 3417 688 3480 des
712 3417 817 3481 aratio
839 3415 964 3480 incidit.
1008 3417 1045 3480 ln
1066 3433 1208 3492 summa,
1258 3431 1323 3478 me.
1358 3410 1403 3477 Et
1424 3411 1587 3477 Prouerh.
1608 3431 1665 3478 xx.
1705 3410 1791 3484 Quis
1812 3421 1924 3496 potest
1946 3412 2059 3477 dicere
2078 3411 2236 3476 mundum

252 3497 502 3566 lenaerrorum
524 3511 559 3564 et
579 3435 803 3585 periculorum
825 3512 906 3568 sunt
927 3501 1038 3569 omnic
1064 3499 1208 3588 quaein
1259 3507 1313 3564 est
1330 3517 1391 3563 cor
1407 3498 1540 3564 meum?
1560 3509 1946 3590 purussumapeccato.
1969 3495 2236 3565 Et.l.lohau.l.

228 3520 297 3650 hac
319 3585 514 3652 retrudunt
536 3587 731 3672 aduersarij.
1258 3584 1297 3650 Sl
1319 3585 1517 3662 dixerimus,
1546 3585 1636 3670 quod
1663 3593 1840 3668 peecatum
1868 3603 1936 3648 non
1963 3581 2144 3661 hahemus,
2171 3583 2236 3666 ipsi

318 3668 458 3743 Quarto.
506 3668 591 3735 Tota
612 3671 770 3738 Ecclesia
790 3673 987 3752 confitetur,
1017 3672 1108 3758 quod
1136 3672 1209 3737 vita
1259 3669 1561 3748 possederimus,
1591 3681 1625 3736 et
1652 3671 1780 3735 ueritas
1805 3669 1840 3733 in
1867 3670 1966 3735 nobis
1994 3687 2063 3733 non
2091 3681 2151 3734 est
2171 3680 2236 3733 em·
2277 3743 2279 3747 y
2371 3705 2383 3733 s

229 3765 368 3822 aeterna
399 3775 461 3840 per
487 3756 749 3823 misericordiam
782 3761 963 3845 contingat.
1028 3759 1086 3824 Sic
1120 3759 1207 3826 enim
1258 3753 1707 3833 EtinorationeDominica‚
1731 3755 1846 3820 Sancti
1867 3766 1982 3839 petunt
2004 3755 2235 3818 remissionem

229 3843 335 3928 lnquit
346 3842 555 3926 Augustinus
574 3843 617 3908 ds
639 3844 745 3930 gratia
767 3854 802 3909 et
822 3844 929 3910 libero
952 3844 1101 3920 arbitrio,
1122 3839 1207 3907 Cum
1258 3850 1484 3926 peccatomm.
1529 3840 1661 3906 liabent
1683 3841 1783 3926 igitur
1804 3851 1838 3904 et
1864 3841 1973 3904 sancti
1999 3849 2153 3923 peccata.
2197 3837 2235 3904 lu

278 3930 365 3994 idern
387 3924 535 4012 loquitur
556 3929 598 3992 de
620 3929 778 4014 operibus
801 3940 994 3995 sauctorum
1017 3938 1097 4012 post
1116 3927 1207 3992 iusti·
1258 3927 1411 3991 ilumeris
1430 3925 1605 4011 Gapxiiij.
1640 3923 1683 3989 Et
1704 3927 1868 3989 innocens
1890 3943 1957 3990 non
1978 3925 2041 3990 erit
2060 3925 2234 3988 innocens.

229 3949 418 4083 lgattomn
439 4012 551 4094 factis,
572 4013 648 4080 Non
670 4017 795 4080 meritis
817 4012 1145 4093 nostris‚’Deusnus
1164 4013 1208 4078 ad
1258 4011 1302 4076 Et
1312 4010 1516 4092 Deuterono.
1531 4012 1588 4094 iiij.
1620 4009 1717 4076 Deus
1738 4021 1815 4074 tuus
1837 4011 1926 4097 ignis
1949 4027 2152 4076 consumens
2169 4021 2233 4074 eat.

230 4113 400 4166 aeternam
423 4100 535 4176 vitam,
559 4102 619 4164 sed
644 4121 792 4185 prosus
812 4101 1025 4165 miseratione
1046 4098 1206 4184 perducit.
1261 4097 1305 4162 Et
1317 4095 1500 4163 Zacharias
1511 4099 1567 4162 ait.
1600 4093 1704 4162 Sileat
1721 4115 1744 4160 a
1760 4092 1847 4161 facie
1869 4097 1991 4160 domini
2014 4095 2122 4161 omnis
2144 4113 2235 4160 cam.

227 4185 272 4251 Et
294 4184 351 4251 ltu.
372 4187 417 4251 ix.
442 4183 602 4292 confess.
624 4185 699 4252 Vae
719 4185 896 4292 hominum
916 4188 1005 4251 vitae
1035 4195 1207 4269 quantum·
1259 4181 1304 4288 Et
1324 4181 1453 4248 Esaias.
1499 4183 1633 4286 Omnis·
1647 4196 1728 4248 caro
1758 4175 1912 4263 foenum,
1940 4193 1974 4248 at
1996 4182 2105 4246 omnis
2127 4178 2236 4268 gloria

229 4268 559 4442 tiiiltlltil
578 4271 1207 4434 {i:titirtittiliilititi
1261 4288 1340 4420 tii
1355 4269 1451 4433 iiii
1469 4267 1548 4438 lii
1561 4263 2236 4436 tilaeiliiltistlitiiltit

228 4442 282 4510 Ne
292 4445 368 4529 quis
380 4444 444 4508 sibi
456 4443 551 4528 quasi
564 4445 725 4510 innocens
735 4442 878 4530 placeat,
902 4457 935 4509 et
957 4463 997 4508 se
1014 4440 1206 4509 extollendo
1229 4432 1235 4492 Ι
1259 4452 1325 4518 est,
1348 4459 1446 4518 caro,
1474 4451 1509 4505 et
1535 4438 1668 4504 iusticia
1695 4441 1825 4518 carnis,
1853 4457 1922 4504 non
1942 4447 2057 4524 potest
2078 4439 2236 4504 sustineri

226 4528 306 4614 plus
323 4540 451 4614 pereat,
472 4529 650 4612 instruitur
671 4541 706 4596 et
722 4532 863 4596 docetur
884 4549 1026 4615 peccare
1070 4528 1207 4606 cotidie,
1258 4527 1414 4591 iudicium
1436 4524 1511 4590 Dei.
1554 4523 1600 4590 Et
1626 4523 1726 4590 lonas
1752 4526 1799 4590 uit
1828 4520 1910 4610 Cap.
1933 4525 1968 4608 ii.
2012 4525 2153 4589 lhostra
2175 4526 2236 4589 oh·

234 4615 312 4680 dom
334 4615 480 4700 quotidie
501 4635 563 4700 pro
584 4617 736 4701 peccatis
757 4618 889 4682 iubetur
910 4635 1027 4694 orare,
1047 4551 1123 4682 Sed
1149 4633 1207 4679 res
1259 4619 1396 4676 seruant
1414 4630 1519 4690 vana,
1540 4613 1596 4697 qui
1617 4610 1880 4677 misericordium
1901 4594 2088 4696 reliquunt,
2114 4609 2149 4674 id
2171 4618 2237 4688 ast,

228 4712 310 4766 nota
330 4711 385 4764 est
408 4710 442 4765 et
463 4699 565 4766 habet
613 4699 731 4769 lurirna
752 4712 785 4767 et
807 4700 996 4769 clarissima
1020 4701 1210 4766 testimonia
1262 4698 1381 4762 Omnis
1404 4697 1527 4763 fiducia
1548 4707 1603 4762 est
1624 4698 1752 4778 inanis,
1780 4707 1916 4780 praeter
1935 4696 2090 4763 fiduciam
2112 4695 2236 4760 miseri·

229 4787 264 4851 ln
287 4786 454 4871 scriptura
470 4795 506 4853 et
522 4785 573 4852 Eo
608 4789 774 4854 esiesticis
795 4790 959 4874 patribus,
980 4788 1037 4874 qui
1059 4804 1126 4852 vno
1148 4805 1208 4851 ore
1261 4783 1414 4862 cerdice,
1442 4781 1675 4849 Misericordia
1701 4793 1818 4848 seruat
1838 4801 1912 4848 nos.
1955 4781 2098 4866 Propria
2118 4781 2237 4846 merita

1260 4869 1386 4954 propri'
1410 4869 1553 4934 conatus
1574 4889 1644 4935 nou
1670 4878 1810 4944 seruant
1835 4887 1909 4932 nos.
1954 4867 2034 4932 ldeo
2056 4877 2091 4931 et
2111 4862 2235 4930 Daniel

227 4971 437 4994 ·······“····
714 4981 718 4988 ’
1261 4967 1335 5022 orat
1406 4976 1439 5040 p.
1461 4955 1506 5019 ix.
1548 4953 1666 5040 Neque
1693 4955 1781 5019 enim
1807 4953 1842 5018 in
1862 4953 2153 5020 iustificationibus
2173 4969 2235 5019 no·

230 5093 279 5162 ⁶⁹³
297 5095 1000 5234 edueeteducet·
1033 5108 1211 5232 ...unt
1258 5035 2236 5210 illiullllmliiid‘ildi‘ildieilll'llh‘t

297 5231 410 5284 mmo·
426 5234 454 5285 u
470 5233 621 5300 apolon-0
637 5235 711 5287 rusa
727 5237 794 5288 aare
810 5231 960 5289 medam
976 5231 1107 5285 emme.
1252 5213 1366 5292 mirre,
1399 5213 1534 5292 attendo
1557 5223 1596 5280 at
1619 5211 1696 5294 iac,
1728 5211 1781 5277 Ne
1800 5213 1942 5278 moreris
1962 5219 2100 5296 proptor
2116 5217 2236 5275 amat
