4920 5672
675 311 787 412 erun
809 310 915 400 nm.
936 309 1124 392 sunum
1143 271 1416 381 coenantes
1436 309 1496 379 ur
1517 306 1789 382 ernanum.
1827 383 1831 390 ,

2172 311 2239 391 919

163 531 166 539 ·
226 502 397 586 eripimus.
426 501 494 566 Sed
503 519 647 586 aequum
658 511 741 580 erat,
753 517 814 568 eos
825 518 893 570 non
904 496 1013 566 solmn
1024 499 1130 579 dcss‘i)
1142 499 1208 584 opt
1260 519 1341 566 uere
1372 520 1503 585 cepere.
1557 499 1635 566 Non
1667 500 1890 581 detrectamus
1921 503 2132 573 autoritatem
2161 499 2237 588 Epi·

225 591 291 656 bus
304 585 381 670 (sei
393 585 465 665 53²)
483 587 567 665 soie,
578 587 756 652 sedeciam
769 585 811 650 de
822 582 934 651 officio
946 599 1008 652 seu
1026 585 1208 664 ministerio
1259 605 1460 672 scaporum,
1488 586 1589 652 modo
1618 607 1686 652 uon
1709 596 1833 674 cogant
1859 584 1975 652 facere
2004 597 2123 653 contra
2150 607 2237 656 man

227 673 380 741 solicitos
403 692 492 754 esse,
515 669 633 758 quales
662 673 823 739 haberent
844 666 1019 738 Ecclesiae
1039 681 1208 757 pastores,
1258 672 1337 736 date
1358 669 1434 736 Dei.
1474 671 1570 737 Haec
1590 667 1746 738 voluntas
1768 672 1923 738 liberabit
1943 691 2006 738 nos
2024 693 2139 740 coram
2160 671 2237 742 Dec

250 757 347 828 uales
375 759 572 824 sacerdotes
600 758 850 836 ordinarentur,
876 767 913 823 vt
940 777 1025 842 pura
1054 759 1208 824 doctrina
1258 767 1292 822 et
1317 758 1440 824 iudicio
1467 757 1547 840 (foi.
1570 755 1641 837 54²)
1668 759 1873 842 posteritatis
1906 760 2100 838 uniuersae,
2113 762 2168 835 99)
2195 780 2238 831 tta

225 781 402 932 Euangelij
417 847 471 924 9ῖ)
506 843 694 911 traderetur
725 844 759 908 in
798 840 928 908 scholis
962 855 996 908 et
1029 841 1207 924 Ecclesijs,
1257 843 1440 909 iudicemur
1462 842 1511 910 rei
1526 847 1579 921 ⁹⁶)
1596 842 1695 910 buius
1719 843 1928 922 Schismatis,
1951 845 2040 930 quod
2061 844 2161 912 inicio
2183 865 2238 912 ex·

227 951 314 1017 quae
331 931 431 996 iidem
450 942 483 996 et
506 930 678 996 caritatem
700 925 808 994 aleret
823 931 876 1009 99)
899 929 933 992 ἰιι
961 929 1080 994 animis
1103 928 1207 994 homi·
1259 929 1393 1002 citatum
1426 940 1480 994 est
1506 929 1629 994 iniusta
1659 930 1870 998 damnatione
1898 930 2070 996 doetrinae
2084 933 2138 1010 ⁹⁷)
2171 929 2237 996 Lu-

221 313 289 383 311

226 1038 316 1093 uum,
339 1028 376 1082 vt
398 1023 608 1080 sacramenta
629 1011 787 1100 religiose
809 1025 1045 1093 tractarentur,
1063 1023 1099 1080 vt
1121 1015 1207 1082 vicia

225 1099 360 1187 publica
381 1101 534 1168 censuris
558 1097 798 1166 ecclesiasticis
820 1111 1016 1166 notarentur
1041 1111 1076 1166 et
1097 1119 1207 1165 emen·

225 1189 396 1266 darentur‚
418 1198 454 1254 vt
475 1187 732 1252 ordinationese
756 1182 964 1251 clesiasticaa
978 1189 1031 1263 99)
1052 1186 1098 1256 ad
1119 1187 1207 1254 aedi·

225 1271 430 1349 ficationem,
462 1293 531 1336 non
562 1273 606 1338 ad
638 1207 895 1336 destrslctionem
928 1284 1206 1356 proponerentur,

224 1372 262 1423 vt
284 1357 458 1443 discipline
476 1355 719 1424 Ecclesiastico
740 1358 789 1425 ita
815 1357 1031 1436 retineretur,
1059 1377 1103 1422 ne
1124 1360 1205 1423 miu-

116 1473 121 1480 ·
225 1447 287 1510 stis
311 1447 470 1510 oneribus
493 1442 719 1508 conscientiae
745 1443 876 1526 piorum
904 1456 1141 1528 grauarentur,
1170 1453 1206 1510 vt

224 1528 367 1596 scholae
399 1532 563 1608 bonarum
595 1529 729 1608 artium,
762 1548 849 1613 quae
887 1539 966 1594 suut
1003 1527 1102 1594 utiles
1140 1527 1204 1596 Ec·

224 1613 361 1696 clasiae,
384 1625 675 1680 construerentur.
1100 1615 1101 1623 ’

310 1700 407 1766 Hanc
427 1721 540 1766 curam
561 1701 627 1764 iam
649 1697 727 1764 olim
750 1698 943 1764 abiecerunt
956 1702 1010 1778 99)
1023 1697 1202 1784 Episcopi,

223 1807 265 1852 ac
285 1788 316 1849 si
338 1789 395 1871 qui
416 1783 552 1852 fuerunt
579 1783 754 1864 meliores,
777 1784 884 1871 magis
914 1785 1041 1850 assidui
1068 1784 1205 1850 fuerunt

223 1873 258 1936 in
287 1873 460 2022 ¹‹pnigpndis
490 1871 727 2020 proditionibus
759 1870 930 1951 humanis,
954 1890 1052 1955 quam
1078 1872 1113 1938 iu
1145 1871 1204 1940 dc·

224 1978 285 2024 cen
311 1980 331 2021 o
381 1979 446 2022 tran
471 1978 548 2023 eto.

310 2043 376 2108 Sed
399 1979 485 2108 hago
511 2061 644 2128 quoque
670 2039 848 2126 discipline
874 2041 941 2106 iam
972 2039 1101 2106 Romae
1132 2041 1204 2105 irri-

222 2131 328 2194 detur.
385 2129 565 2194 Pontifices
605 2124 844 2216 belligerantur
875 2127 919 2189 de
948 2125 1089 2212 Imperio
1128 2146 1204 2191 cum

222 2214 272 2280 Re
298 2216 384 2280 ibus.
428 2213 473 2278 Vt
496 2233 589 2278 mare
609 2234 670 2298 per
691 2235 731 2294 se
752 2209 965 2297 tranquillum
993 2214 1082 2281 cient
1103 2213 1204 2292 venti,

222 2235 460 2366 inlontifioes
470 2310 606 2364 mouent
627 2318 744 2384 regna,
759 2303 812 2377 ⁹¹)
837 2299 974 2383 quocies
996 2295 1124 2364 libitum
1141 2309 1203 2363 est.

307 2386 401 2450 Haec
417 2405 485 2450 non
502 2382 611 2450 solum
629 2383 739 2451 aliena
756 2384 892 2450 suntab
911 2381 1107 2469 Euangelio,
1126 2383 1203 2462 (fol.

220 2471 292 2551 539)
315 2473 377 2537 sed
405 2473 503 2536 etiam
531 2491 552 2535 a
579 2469 782 2536 Canuuibus·
826 2467 958 2535 l'nterim
986 2470 1203 2537 acerbissime

221 2558 358 2643 exigunt
381 2554 538 2622 Oenones
560 2576 643 2622 suos
670 2558 713 2620 ab
743 2552 839 2636 alijs,
873 2573 948 2619 cum
975 2551 1060 2622 nulli
1093 2556 1202 2628 murus

220 2653 359 2708 seruent
382 2631 550 2720 Oenones,
574 2661 672 2727 quam
694 2642 756 2724 ipsi
778 2639 947 2735 Episcopi.
991 2640 1034 2706 Et
1062 2641 1202 2725 dignita-

220 2743 287 2794 tem
309 2749 405 2792 suam
427 2738 460 2791 et
483 2747 567 2811 opes
590 2723 723 2794 defendi
745 2723 935 2811 postulant,
958 2745 1034 2792 cum
1056 2744 1125 2792 non
1147 2747 1202 2794 cu·

220 2825 296 2880 rent
315 2810 505 2891 Ecclesiae,
526 2811 621 2886 obliti
644 2809 792 2878 Canonis
814 2811 981 2896 sui,quod
1003 2809 1202 2881 beneficium

221 2900 317 2970 datm
348 2909 487 2982 propter
520 2896 676 2966 officium
731 2896 826 2964 Haec
864 2891 1042 2980 deplorare
1078 2897 1133 2962 his
1147 2899 1201 2976 ⁹²)

109 3041 113 3054 ,
221 2986 427 3070 temporibus
450 2981 592 3067 capitale
614 2993 647 3050 et
667 2979 873 3050 haereticum
894 2981 1050 3051 habetur.
1083 2983 1201 3068 Neque

219 3091 285 3137 uos
307 3071 550 3157 attigissemus,
567 3071 634 3136 nisi
661 3080 905 3155 prouocassent
929 3071 1130 3154 eduemadj.
1144 3071 1198 3146 ⁹³)

220 3155 398 3224 Caeterum
430 3176 533 3240 saepe
564 3159 629 3222 iam
661 3159 774 3223 testati
794 3176 932 3236 snmus,
962 3175 1029 3225 nos
1054 3175 1123 3222 uon
1146 3175 1200 3222 so·

104 3315 114 3328 ¹
218 3239 287 3307 lum
308 3252 506 3327 potestatem
527 3238 815 3315 Ecclesiasticam,
843 3264 931 3330 quae
956 3243 991 3309 in
1012 3237 1199 3329 Euangeliu

218 3327 369 3392 institute
408 3337 476 3406 est,
515 3345 644 3393 summa
681 3329 804 3414 pietate
841 3329 995 3394 venerari
1033 3339 1200 3414 tamquam

219 3412 407 3477 maximum·
424 3409 488 3477 Dei
516 3413 658 3492 donum,
688 3433 749 3498 per
778 3413 868 3498 quod
899 3413 1011 3488 Deum
1042 3413 1198 3478 anosci-

219 3515 294 3562 mus
308 3499 362 3576 ⁹⁴)
383 3506 416 3560 et
438 3515 458 3559 a
479 3508 621 3580 peccato
639 3508 674 3562 et
694 3507 863 3582 potestate
876 3500 948 3575 ⁹⁴¹)
972 3497 1095 3565 diabo‘
1117 3495 1198 3564 iibe-

169 3625 176 3632 -
219 3603 344 3660 ramur,
367 3593 400 3646 ct
421 3580 522 3648 vitam
544 3593 715 3650 aeternam
736 3585 989 3668 consequimur,
1014 3584 1077 3647 sed
1101 3583 1214 3651 etiem

218 3663 496 3734 Ecclesiasticam
515 3665 662 3753 politiam
684 3681 719 3736 et
739 3669 865 3754 gradus
887 3670 921 3734 in
949 3665 1106 3735 Ecclesia
1132 3687 1199 3739 ma·

219 3772 371 3842 gncpere
392 3755 551 3839 probare,
575 3765 619 3834 et,
640 3765 801 3840 quantum
820 3756 854 3820 iu
875 3755 975 3822 nubis
992 3765 1200 3835 est,cuuser·

217 4096 264 4164 89)
284 4096 328 4163 de]
349 4095 412 4148 baec
424 4097 634 4216 affectionem
651 4097 679 4148 in
695 4096 841 4166 opepropbo
864 4099 977 4150 οιιιίιιαιιι
1001 4095 1198 4166 Spalatinut

284 4167 312 4216 a'n
328 4167 441 4232 wpioe
492 4165 564 4218 dida

218 4252 266 4318 87)
285 4251 404 4302 doctrina
421 4251 572 4318 Euangelijl
591 4248 723 4303 Oncld.:
741 4249 879 4318 Euangelij
900 4251 1021 4304 doctrina

215 4334 264 4405 aa)
283 4337 378 4404 neree]
397 4335 529 4391 onore:
547 4337 648 4388 nerem
1075 4321 1080 4330 '

215 4421 264 4486 89)
283 4423 485 4490 ecclesiasticae]
506 4419 638 4478 ΟΜΝ.)
654 4423 789 4473 Ecclesiae

214 4507 263 4576 90)
281 4509 443 4575 abiecerunt]
471 4510 509 4560 aio
530 4506 640 4561 (laeli.
667 4507 807 4574 (Fuerat.
836 4509 864 4557 da
893 4523 941 4558 aaa
962 4503 1013 4559 Ed.
1037 4505 1109 4557 buius
1133 4503 1195 4559 oea.

275 4576 348 4644 saiso
367 4576 479 4631 aalide:
497 4577 661 4644 abiecerunt)
680 4583 704 4628 et
722 4577 850 4649 Qxhrtrn
867 4573 951 4629 Ouol
962 4577 1002 4629 d:
1021 4575 1172 4629 abiecerunt

214 4664 262 4731 aa)
281 4662 389 4730 regum]
409 4669 466 4714 otus
483 4661 547 4712 lenc
563 4675 645 4714 socen
662 4661 858 4716 Melanthos
880 4664 908 4712 is
930 4659 1073 4730 appropio
1095 4658 1193 4728 spata.

283 4765 370 4870 24²&
378 4745 597 4868 llptmhffldt'i:
616 4731 659 4832 dis
678 4746 711 4813 (ι’.
732 4764 753 4800 e.
772 4747 883 4813 omnia),
900 4753 1050 4815 quapropter
1073 4745 1193 4799 Onold.

377 4833 393 4883 y
413 4832 435 4870 r.
553 4831 560 4869 ι
580 4831 669 4870 umora
684 4831 776 4883 regua,

212 4903 261 4970 99)
279 4902 331 4972 hir]
349 4901 531 4956 Onold.t'iis

212 4987 260 5055 99)
277 4989 370 5053 Neque
388 5005 436 5040 nos
452 4988 630 5054 attigissemus
648 5013 682 5025 -
699 4982 865 5056 ademarii]
882 4983 942 5038 lose
959 4981 992 5035 ud
1009 4982 1129 5037 Oncid.
1149 4981 1193 5035 ob·

208 5141 261 5210 aa)
278 5065 464 5211 f‘sso'mnp
482 5141 616 5196 onerer
633 5142 826 5204 amoene,
877 5141 881 5155 ·

211 5225 466 5296 disietpote'state]
484 5227 620 5282 oretur
637 5231 698 5286 eta
714 5233 843 5293 potestate
900 5305 905 5310 Ι

1258 1013 1356 1094 theri,
1379 1035 1470 1080 stunc
1491 1025 1632 1100 augetur
1654 1015 1837 1100 pertinacia
1858 1012 2002 1094 iltomm,
2013 1016 2069 1100 qui
2081 1035 2148 1081 non
2159 1037 2238 1100 pos·

1256 1112 1336 1166 suut
1357 1096 1427 1166 vllo
1447 1102 1549 1188 modo
1571 1098 1674 1178 flecti,
1695 1113 1732 1170 vt
1755 1121 1853 1167 unam
1875 1112 1975 1186 etque
1992 1098 2133 1168 alteram
2156 1121 2236 1168 eon·

1257 1185 1460 1260 stitutionem
1477 1183 1751 1254 Ecclesiastieam
1772 1187 1931 1272 mitigent.
1975 1185 2012 1252 lu
2039 1188 2159 1272 quibus
2186 1199 2236 1254 ta·

1256 1291 1332 1338 men
1359 1291 1423 1336 nos
1447 1273 1546 1338 etiarn
1574 1273 1703 1338 cessuri
1730 1293 1862 1342 eramus
1891 1273 2057 1358 tyrannidi
2071 1276 2124 1350 99)
2157 1275 2236 1340 isto·

1255 1377 1342 1434 rum,
1365 1359 1396 1422 si
1417 1360 1490 1422 sina
1512 1357 1698 1424 offensione
1726 1360 1950 1424 conscientiae
1975 1360 2096 1424 cedere
2117 1377 2235 1444 posse·

1256 1461 1343 1592 pons..
1368 1441 1477 1602 'isone
1501 1454 1633 1528 oportet
1654 1463 1717 1508 nus
1740 1445 1847 1530 magis
1869 1445 2006 1524 obedire
2027 1441 2116 1521 Deo,
2138 1464 2237 1529 quatu

1301 1549 1378 1594 tumr
1403 1547 1454 1594 us.
1540 1565 1545 1582 ι
1684 1537 1691 1548 ’

1342 1631 1411 1696 Sed
1431 1632 1749 1698 veniamustaudem
1771 1632 1814 1696 ad
1830 1629 2085 1715 disputationem
2106 1631 2149 1696 de
2170 1642 2237 1696 tra·

1256 1717 1435 1821 ditionibus
1457 1714 1726 1812 Ecclesiasticis,
1754 1737 1852 1802 quam
1881 1717 2061 1802 attigerunt
2092 1715 2150 1782 hie
2177 1717 2235 1781 ad·

1255 1821 1430 1975 nemagtlld
1462 1905 1646 1968 sentiamus
1679 1923 1758 1968 esse
1791 1913 1991 1988 potestatem
2023 1900 2236 1970 Ecclesiasti-

1188 1987 1194 1997 ’
1256 2009 1331 2054 earn
1353 1989 1446 2054 iuxta
1466 1987 1696 2074 Euangelium,
1718 1993 1933 2074 exposuimus
1955 1991 1989 2054 in
2012 1987 2237 2056 consessione

1255 2084 1383 2139 nostra.
1415 2071 1479 2138 Est
1500 2075 1587 2139 enim
1605 2075 1792 2142 mandatum
1811 2077 1853 2140 de
1863 2073 2049 2160 Euangelio
2071 2076 2236 2154 docendo,

1257 2161 1299 2226 de
1320 2159 1606 2226 administratione
1627 2170 1931 2236 sacramentorum,
1960 2162 2003 2226 de
2030 2161 2235 2226 remittendis

1256 2257 1291 2312 et
1312 2245 1494 2310 retinendis
1515 2247 1680 2330 peccatis,
1703 2245 1797 2312 liaeo
1852 2257 1980 2311 otestas
2009 2247 2127 2332 partim
2150 2247 2234 2313 ordl-

1256 2331 1321 2409 nis,
1343 2332 1462 2415 partim
1484 2328 1724 2398 iurisdictionis
1744 2352 1811 2416 app
1843 2330 1942 2397 latur·

1342 2433 1436 2498 Haec
1455 2434 1596 2498 muima
1618 2431 1781 2499 beneficia
1809 2432 1875 2498 Dei
1901 2434 2137 2513 obscurantur,
2158 2434 2235 2512 (fol.

1254 2517 1327 2596 att)
1345 2537 1420 2584 cum
1431 2519 1556 2586 addunt
1567 2521 1699 2603 quidam
1710 2529 1910 2600 potestatem
1923 2519 2087 2584 condendi
2096 2517 2192 2606 leges
2203 2532 2236 2586 et

1253 2623 1362 2670 nouos
1386 2601 1507 2670 cultus.
1552 2601 1636 2668 Nam
1662 2606 1720 2669 vbi
1745 2605 1850 2670 induit
1877 2605 2006 2670 enimus
2034 2606 2235 2688 opinionem,

1251 2690 1342 2776 quod
1364 2687 1520 2765 Christus
1533 2691 1737 2754 commiserit
1748 2687 1923 2766 Ecclesiae
1939 2691 2115 2756 instituere
2126 2710 2234 2756 nouos

1252 2775 1417 2860 quosdam
1439 2772 1551 2841 cultus
1573 2787 1606 2839 et
1628 2777 1837 2843 ceremonias
1859 2775 2236 2862 praeterEuangelium,

1252 2861 1363 2926 statim
1396 2862 1597 2926 obscuretur
1615 2861 1779 2928 doctrina
1812 2862 2000 2948 degrada
2037 2872 2073 2928 et
2103 2864 2235 2930 iusticia

1251 2945 1329 3012 fidei
1362 2953 1396 3009 et
1428 2947 1628 3013 remissione
1659 2951 1957 3031 peecatorum'tt)
2011 2947 2055 3013 Et
2086 2948 2234 3014 iudicant

1250 3031 1414 3110 homines,
1437 3048 1476 3096 sa
1497 3032 1629 3098 iustitia
1656 3051 1811 3117 opernm,
1840 3031 1995 3100 videlicet
2022 3031 2136 3099 talium
2163 3032 2233 3100 cul·

1251 3131 1360 3186 taum
1376 3115 1564 3197 iustificari,
1596 3135 1665 3196 nort
1698 3121 1760 3203 per
1783 3118 1882 3184 fidem
1910 3122 1945 3184 in
1966 3116 2145 3186 Christum.
2189 3120 2233 3185 Et

1250 3206 1329 3290 quia
1348 3201 1436 3270 tales
1457 3203 1652 3270 traditiones
1674 3224 1841 3292 uunquam
1864 3205 1928 3271 rita
1949 3215 2139 3285 seruantur,
2156 3225 2233 3293 gra-

1250 3292 1336 3356 uiter
1367 3300 1532 3356 texantur
1559 3289 1795 3357 conscientiae.
1843 3287 1959 3356 Meum
1973 3304 2067 3378 ‘ergo
2101 3291 2167 3356 hoo
2198 3291 2232 3356 in

1251 3377 1497 3455 controuersia,
1531 3387 1640 3441 rtrum
1661 3373 1785 3460 Ερίεοο
1808 3378 1821 3440 i
1852 3374 1999 3442 habeant
2029 3385 2232 3462 potestatem
2259 3439 2262 3444 ,

1251 3461 1417 3530 condendi
1448 3479 1558 3526 nouus
1588 3458 1700 3528 culum
1727 3472 1761 3528 et
1787 3397 1891 3548 leges
1922 3472 2057 3547 praeter
2078 3461 2232 3552 Euange-

1250 3545 1341 3614 lrum.
1384 3546 1579 3630 Aduersarij
1602 3549 1653 3614 sic
1674 3557 1955 3634 argumentantur,
1979 3569 2055 3614 cum
2076 3545 2232 3634 Euange-

1251 3630 1331 3700 lium
1364 3632 1527 3700 concedet
1553 3631 1730 3718 Episcopis
1754 3643 1955 3718 potestatem
1981 3634 2231 3714 iurisdictionis,

1251 3719 1433 3868 gpquitnril
1456 3727 1492 3783 vt
1522 3716 1669 3824 habeant
1700 3729 1898 3804 potestatem
1933 3719 2099 3786 condendi
2122 3715 2230 3870 ¹leges.

1252 3823 1482 3969 ,sidet
1506 3805 2232 3971 tittsltttttissmifffflsistst

1251 3985 1288 4041 vt
1308 3973 1511 4126 limitum
1533 3995 1574 4080 erp
1597 3977 1695 4041 nouis
1716 3973 1861 4061 legibus,
1883 3979 1944 4042 sed
1966 3997 2008 4042 ex
2028 3976 2102 4063 ipso
2120 3977 2230 4082 Epau-

1251 4058 1351 4147 gelro.
1439 4081 1482 4126 ou
1516 4078 1603 4126 anun
1635 4058 1761 4126 habent
1792 4073 1992 4147 potestatem
2024 4073 2232 4148 tyrannicam

1249 4157 1308 4213 aut
1329 4147 1407 4231 (fol.
1429 4144 1501 4225 55⁸)
1522 4147 1661 4232 regiam
1685 4165 1789 4236 supra
1810 4145 1934 4238 legem,
1950 4151 2025 4227 ¹⁰⁰)
2052 4167 2152 4236 quarn
2172 4169 2231 4216 ac·

1247 4335 1453 4352 ,-

1247 4453 1296 4522 98)
1314 4453 1474 4522 posteritatis
1504 4451 1664 4522 micenae]
1707 4453 1835 4517 cipiet
1878 4455 2017 4506 uniuersae
2059 4455 2229 4524 mandetis,

1317 4517 1450 4575 Onold:
1467 4523 1606 4574 uniuersae
1623 4523 1769 4588 potestatis,

1246 4607 1295 4674 99)
1312 4605 1363 4727 ppp]
1381 4605 1661 4726 Epicratemanuus
1677 4607 1707 4657 ia
1728 4614 1775 4657 uto
1797 4603 1848 4659 ue
1873 4604 1935 4659 (led.
1958 4605 2068 4662 Gueli.
2088 4607 2160 4678 falso
2184 4625 2227 4662 aa·

1246 4763 1296 4830 er)
1313 4682 1460 4830 redimet
1478 4761 1506 4812 a
1524 4760 1644 4815 onore.
1663 4759 1739 4812 aas.

1245 4847 1294 4915 98)
1312 4845 1455 4913 tyrannidi]
1472 4847 1510 4897 sic
1528 4847 1603 4898 ιιιόιιι
1620 4844 1742 4912 (duali,
1759 4861 1906 4914 pumepuusr
1922 4845 2053 4898 soeret
2070 4849 2154 4899 testeo
2170 4845 2223 4901 Ed.

1254 4929 1256 4934 ·
1314 4916 1400 4970 baba:
1417 4915 1556 4982 tyrannide

1244 5002 1293 5069 99)
1311 4987 1669 5067 remissionepcccatoruan
1687 4996 1817 5056 Occidi
1834 5007 2003 5070 peccatoram
2020 5000 2183 5054 retrusione.

1224 5159 1227 5166 ⁴
1246 5089 1311 5180 199)
1321 5097 1367 5139 aut
1388 5089 1503 5157 regiam,
1526 5100 1615 5159 sppra
1627 5083 1738 5181 legurm]
1757 5087 1805 5138 sie
1826 5085 2008 5169 apographum.
2020 5083 2135 5186 §poleam
2157 5087 2224 5142 bie.

1223 5276 1227 5293 ,
1313 5153 2223 5300 itifitttitiffetttttiaitbtiiliddtt
