4894 5672
251 281 329 348 «w
579 277 652 347 -ΙΙ,
696 275 1929 350 mmmmmnebmn
2201 287 2276 358 U

256 457 644 522 netioosbese'sunteormr.
678 467 853 532 Hieronymus
876 463 1242 532 brommnbeoit
1290 469 1408 536 sequim
1439 467 1659 520 wndosstio'uem
1692 469 1816 522 omn
1858 469 2050 526 Soletmstem
2074 472 2194 526 (Μαι
2218 476 2273 528 boe
2328 519 2332 529 .

264 538 435 590 dubitetinsm
452 537 613 604 mrtieuieut.
637 538 672 588 nt
688 536 769 586 multo
786 533 975 600 imprudentius
992 533 1108 600 disputet
1120 535 1149 585 in
1161 535 1240 586 Gom·
1282 537 1371 598 'modo
1388 537 1548 602 mninngere
1564 537 1651 601 legem
1668 545 1695 588 et
1711 539 1892 604 iiuenqelium,
1909 548 1939 590 ut
1955 549 2092 607 utrumque
2109 543 2204 606 tsedst
2222 546 2271 596 oo·

254 606 407 670 ⁸tentoriis,
424 606 550 656 ineertsn
567 620 626 656 esse
643 605 822 658 mutus
839 611 1012 668 poemenem.
1048 603 1104 656 seo
1121 617 1169 664 tros
1186 617 1239 654 ne·
1290 607 1402 656 otsinsm
1419 605 1480 656 orei
1496 612 1525 658 et
1540 606 1670 656 bonorum
1685 621 1802 672 opernm,
1819 617 1851 658 ut
1865 617 1973 662 monost
1985 610 2136 676 bppoorisin
2153 605 2271 666 estiu-

253 675 413 726 --hesinue
438 672 610 754 &melium
636 681 709 724 oerto
736 673 888 737 psoniners
914 672 1095 722 remissionem
1119 679 1241 736 pseosto-
1288 675 1416 726 ledonem
1437 675 1617 738 poenitentioe
1639 688 1708 737 esse,
1730 677 1781 728 nisi
1805 684 1946 741 seqnsntm
1964 679 2032 730 boni
2053 679 2160 732 bnotm.
2194 681 2270 746 Item,

262 740 1241 875 ᾼἛοέἒ“ἷω“ἷῖἒο“ἶίωᾞὲ“η“ωἵῗῗὲὥ11“ἑιέε“ἓὲοᾞ
1289 741 2269 877 &offifflifflffifflffffiffffi

262 879 323 930 ineo
340 878 537 944 Hieronymum.
571 877 637 930 Gum
654 887 741 930 sutem
762 878 833 928 olere
856 885 968 942 ponem
990 877 1144 942 promissio,
1168 883 1240 928 oerte
1290 880 1394 945 plioiter
1416 893 1539 929 euertere
1562 878 1642 928 iidem
1668 881 1804 945 poseirnus.
1845 879 1890 933 Sio
1912 883 1992 946 igiter
2013 897 2121 934 neeesse
2143 891 2182 934 est
2202 888 2270 936 teies

233 955 236 965 ’
261 947 405 1012 requiritur
429 947 508 1010 iidee,
534 949 596 1011 quis
620 949 760 1014 promissio
784 959 837 996 nou
861 953 949 1010 potest
971 946 1070 1010 sooipi,
1094 945 1146 996 nisi
1173 944 1235 996 fide.
1289 949 1364 998 looos
1389 949 1488 1012 seoipi,
1511 962 1545 998 ne
1573 949 1722 998 eboiesmus
1746 951 1920 1014 iiiusngeliern
1937 951 1971 1000 ‹ie
1988 949 2109 1013 Christo,
2126 966 2161 1002 ne
2177 961 2270 1004 nostes

263 1013 419 1080 stnqunm
436 1023 464 1065 et
485 1015 522 1067 ibi
545 1015 674 1068 ludiosuit
695 1017 871 1081 remissionem
896 1014 1048 1076 oonflngere
1070 1027 1161 1086 ppsee,
1181 1027 1241 1063 oum
1289 1031 1372 1081 opers
1388 1030 1550 1082 opponemus
1566 1015 1626 1066 Deo
1644 1024 1767 1082 tanuom
1789 1020 2007 1083 propiciationem
2028 1027 2055 1069 et
2077 1022 2205 1084 preciso.
2222 1020 2268 1072 sb·

261 1084 310 1146 eit,
326 1083 425 1134 redisne
441 1089 559 1148 peoeste
594 1086 681 1148 Atque
698 1083 763 1134 bseo
780 1083 920 1146 promissio
937 1083 1097 1134 rmniesionis
1119 1089 1239 1146 peoosto·
1289 1087 1358 1137 ieoto
1375 1081 1488 1136 Christo.
1526 1083 1590 1134 item
1608 1099 1642 1134 rio
1659 1083 1706 1134 flet
1721 1087 1822 1136 intorte
1837 1089 1955 1138 remissio
1973 1095 2154 1152 poeoniorum,
2167 1086 2202 1138 'ei
2219 1087 2268 1142 do,-

260 1165 319 1202 usm
336 1165 399 1202 uere
414 1149 573 1216 Propbetioe
589 1159 615 1202 et
630 1151 792 1218 Euroqelios
807 1163 862 1200 nou
881 1157 933 1212 eet,
951 1163 1029 1215 queso
1052 1156 1121 1200 terte
1142 1147 1239 1200 Deuiel
1289 1160 1379 1204 oeetrrr
1395 1154 1507 1217 pendere
1524 1167 1557 1202 ex
1575 1153 1724 1204 eonditiooe
1741 1161 1889 1204 nostrornm
1905 1169 2022 1220 opernm.

261 1219 368 1270 uolebst
393 1219 446 1270 une
475 1221 567 1284 sooipi.
607 1219 693 1272 Norst
717 1221 786 1270 enim
813 1217 911 1270 Deniei
937 1220 1089 1286 proruissent
1114 1231 1171 1268 eeso
1195 1231 1238 1268 re·
1333 1221 1462 1272 ·0itstnr
1484 1227 1511 1270 et
1533 1235 1567 1270 ex
1590 1219 1684 1272 Tobie.
1725 1221 1884 1286 iiiemosyne
1907 1224 1940 1274 sb
1970 1223 2040 1274 omui
2069 1231 2178 1288 peoosto
2203 1233 2231 1275 et
2250 1239 2268 1276 s

260 1288 409 1340 missionem
431 1297 599 1352 peoostorum
621 1297 728 1355 propter
749 1289 864 1338 iuturum
887 1300 991 1349 remeo,
1013 1286 1138 1338 nidolioet
1160 1285 1238 1338 Obri-
1287 1296 1372 1340 morte
1389 1289 1491 1340 liberet
1525 1287 1588 1340 Non
1601 1291 1760 1356 ·)·dioemos
1777 1291 1946 1356 Hyperboien
1964 1305 2035 1353 esse,
2058 1293 2107 1344 etsi
2128 1293 2168 1342 sio
2184 1294 2267 1358 eeoipi

260 1364 343 1416 seusu,
359 1369 413 1406 non
429 1355 514 1406 solum
529 1356 672 1422 Isrselitis,
692 1359 740 1408 sed
757 1359 836 1408 etism
853 1355 973 1406 omuibus
997 1353 1127 1418 antibus.
1162 1353 1237 1404 Alio-
1288 1359 1373 1420 debet,
1390 1371 1425 1408 ue
1443 1357 1564 1408 detrebet
1580 1357 1613 1407 de
1629 1359 1752 1412 leudibus
1768 1358 1876 1424 christi,
1894 1360 1966 1410 ossius
1980 1361 2087 1424 proprie
2099 1359 2267 1422 sontoffleis,

261 1425 307 1490 qni
322 1438 376 1474 nou
393 1427 521 1490 potuisset
536 1423 605 1490 Rem
626 1427 744 1491 polliceri
766 1425 945 1476 mdonem
967 1429 1141 1487 peooetorum.
1174 1422 1237 1474 Nou
1287 1427 1400 1478 liberere
1415 1441 1433 1475 s
1449 1432 1557 1490 peoosto
1576 1432 1602 1474 et
1625 1441 1643 1476 s
1658 1433 1750 1476 morte.
1784 1427 1841 1480 Sed
1863 1427 2047 1480 reonrrendem
2069 1435 2110 1478 est
2131 1429 2165 1478 sd
2188 1443 2266 1492 regu·

259 1499 301 1544 est
316 1493 386 1542 enno
402 1493 530 1556 bominis,
546 1495 700 1559 prnesertirn
717 1493 746 1544 in
763 1492 907 1544 terroribus
930 1493 1045 1557 potenti,
1066 1498 1181 1540 sternere
1203 1490 1237 1540 de
1288 1497 1349 1555 lon,
1367 1494 1437 1560 quod
1454 1493 1499 1544 lex
1515 1493 1572 1543 sine
1591 1493 1696 1546 Christo
1714 1507 1767 1561 non
1784 1497 1899 1563 prodest.
1936 1496 2043 1546 Plseeut
2065 1497 2146 1560 igitur
2169 1496 2266 1548 elemo-

259 1561 394 1612 noiuutsee
417 1561 470 1612 Dei
491 1564 548 1612 sine
565 1570 638 1613 eerto
659 1564 741 1614 uerbo
764 1561 830 1624 Dei,
852 1561 924 1626 quod
940 1561 1019 1610 irssei
1040 1559 1150 1610 desinet.
1184 1559 1236 1610 ite·
1288 1575 1367 1628 synse
1383 1560 1459 1624 Deo,
1476 1576 1543 1625 quse
1560 1571 1700 1627 sequuntur
1720 1565 2050 1627 reoonoiiietiorrem,'nou
2073 1577 2140 1629 qose
2161 1577 2267 1628 preste

260 1642 310 1694 que
328 1643 384 1678 oum
402 1617 538 1694 promissio
564 1639 691 1696 ponetur,
721 1631 784 1680 estis
807 1637 915 1695 sppsret
936 1628 1035 1693 requiri
1057 1627 1151 1689 iidem,
1177 1627 1238 1691 quie
1289 1633 1362 1682 dunt
1397 1629 1487 1695 Iteque
1513 1630 1629 1682 liberent
1653 1645 1671 1682 n
1694 1641 1803 1698 peooeto
1832 1639 1860 1682 et
1882 1648 1899 1682 e
1926 1639 2025 1694 morte,
2056 1647 2110 1682 nou
2131 1647 2166 1682 eu
2188 1646 2268 1696 opere

259 1698 398 1762 promissio
416 1712 471 1748 uon
487 1705 577 1762 potest
593 1699 678 1764 sooipi
696 1700 747 1750 uisi
768 1697 830 1747 fide.
865 1696 896 1748 Si
915 1697 981 1748 bseo
1002 1695 1068 1746 fides
1090 1710 1125 1744 ex
1146 1693 1237 1744 oondi-
1289 1706 1408 1766 opersto,
1425 1699 1472 1749 eed
1490 1700 1557 1750 siem
1572 1701 1652 1764 psulo
1676 1706 1737 1750 ente
1760 1702 1794 1752 de
1817 1701 1982 1768 poenitentis
1995 1701 2022 1764 1)
2046 1700 2172 1762 diximus,
2195 1701 2267 1766 quod

251 1767 333 1816 ioue
351 1779 457 1831 operm
479 1767 618 1831 penderet,
633 1769 735 1818 inoerts
751 1773 820 1816 esset
839 1766 966 1816 remissio.
1001 1764 1066 1814 Ideo
1088 1765 1149 1816 tsiis
1171 1763 1237 1814 iitiee
1288 1769 1367 1820 nds-
1384 1782 1444 1817 oum
1459 1766 1585 1818 iruotibus
1603 1767 1739 1833 oosnpleoti
1761 1767 1913 1832 debesmus,
1935 1769 1973 1818 its
1995 1769 2029 1818 ‹ie
2049 1767 2205 1832 elemosynis
2227 1769 2266 1818 iu·

259 1834 410 1897 requiritur,
427 1849 495 1898 quse
511 1835 622 1886 eouiidit
637 1835 817 1888 miserioordis
833 1843 860 1884 et
880 1834 962 1884 uerbo
985 1833 1052 1895 Dei,
1073 1847 1129 1884 non
1152 1831 1238 1896 operi·
1289 1836 1429 1888 dioeudnm
1453 1843 1505 1898 est,
1527 1837 1599 1900 quod
1621 1838 1726 1901 pieoeet
1745 1835 1805 1887 Deo
1828 1836 1894 1888 tides
1916 1851 1973 1888 ouus
1995 1835 2131 1888 buoubue.
2166 1835 2266 1890 'l'obist

259 1901 308 1952 bus
325 1903 431 1952 nostrie.
467 1901 546 1964 Quod
569 1911 656 1954 eutem
678 1904 756 1966 dioit,
778 1902 877 1952 redime
900 1907 1010 1966 peeosts
1031 1914 1078 1965 per
1099 1901 1238 1962 iustitium,
1290 1907 1359 1955 enirn
1376 1907 1544 1954 oonoonstur
1561 1918 1615 1954 riou
1632 1911 1733 1956 tsuturn
1747 1905 1781 1954 de
1799 1906 1970 1968 elemosynis,
1988 1905 2036 1954 sed
2058 1906 2137 1956 wem
2154 1904 2265 1956 deiide.

215 1982 218 1992 ·
260 1978 287 2020 et
302 1983 349 2034 per
366 1971 541 2034 elemosynes,
564 1973 635 2023 idem
657 1979 697 2022 est
719 1985 751 2022 so
768 1971 790 2020 ei
808 1971 921 2030 dieeret,
943 1969 1042 2020 redime
1064 1977 1171 2033 peooste
1188 1982 1234 2034 per
1290 1971 1370 2026 Omni
1385 1979 1502 2037 tempore
1519 1971 1733 2035 benedioDesmr,
1752 1981 1778 2022 et
1794 1981 1854 2038 pete
1871 1974 1955 2024 obeo
1973 1981 2003 2024 ot
2020 1973 2181 2036 dirigstniss
2199 1979 2265 2027 toss.

258 2038 468 2102 poenitsuoiem,
498 2040 560 2104 quie
585 2049 673 2090 rentes
703 2041 804 2092 tollitur
828 2052 876 2106 per
904 2039 1101 2104 penitentia.
1143 2037 1236 2101 Neque
1290 2041 1348 2092 Eoo
1370 2047 1457 2092 eutem
1478 2041 1585 2104 proprie
1605 2049 1646 2092 est
1661 2042 1732 2092 illius
1749 2041 1810 2092 briei
1835 2042 1868 2092 de
1884 2055 1937 2107 qus
1956 2041 2100 2106 loquimur,
2122 2055 2188 2104 quse
2207 2055 2266 2091 seu·

259 2105 321 2157 bino
334 2106 361 2172 ⁶)
388 2108 593 2158 rstoeioendun
617 2117 669 2172 eet,
697 2109 767 2172 quod
788 2108 909 2169 tpuosest
931 2105 1004 2158 Deus
1027 2113 1132 2170 propter
1154 2117 1236 2171 opere
1291 2111 1325 2160 tit
1340 2109 1427 2159 Deum
1444 2122 1501 2158 esse
1517 2110 1661 2174 propicium
1678 2116 1784 2174 propter
1801 2110 1882 2174 ipsios
1906 2109 2126 2170 miserioordiem,
2149 2115 2177 2159 et
2200 2111 2267 2172 petit

259 2175 402 2238 nqneutin
418 2175 466 2224 sed
483 2177 596 2239 ignosoit
612 2186 720 2243 propter
736 2177 935 2242 promissionem
956 2175 999 2226 bis
1016 2175 1062 2240 qui
1084 2174 1237 2240 promissio-
1290 2185 1320 2228 ut
1345 2183 1432 2227 seruet
1455 2183 1482 2226 et
1505 2176 1632 2240 gubernet
1656 2191 1714 2228 nos.
1748 2177 1793 2226 Ad
1819 2177 1885 2228 bseo
1911 2177 2075 2228 concedimus
2101 2175 2264 2240 omossrss

260 2242 586 2364 maefflrneqm
600 2315 628 2362 iu
645 2313 766 2364 oontioue
787 2309 906 2362 Danielis
921 2309 1002 2360 fldem
1022 2301 1135 2374 rbquiri,
1158 2323 1238 2374 quere
1290 2243 1708 2366 fflfffflznzeenntflffing’
1719 2245 2266 2377 iffdssibfugrfflffnnffffitmpmg
2340 2322 2344 2332 ·

260 2377 322 2432 boio
338 2380 399 2430 iooo
416 2382 537 2431 iniurium
552 2381 661 2443 lseium,
679 2383 724 2444 qui
739 2381 802 2430 iude
819 2381 1017 2438 ariminum,
1029 2378 1106 2441 quoti·
1117 2377 1237 2428 moesto
1291 2383 1472 2443 oonsoieutiee,
1487 2381 1536 2432 sed
1552 2381 1664 2433 liberere
1680 2396 1699 2433 e
1717 2382 1805 2432 tuturo
1828 2389 1948 2447 peoeeto,
1970 2381 2023 2432 boo
2046 2389 2098 2442 eet,
2122 2381 2216 2432 mereri
2238 2379 2272 2432 st)

157 2491 165 2510 .
258 2455 427 2514 pomtorum
453 2451 589 2513 ooutiusst
610 2455 714 2514 propter
728 2455 824 2512 'orere
844 2455 950 2508 nosue,
976 2459 1031 2495 non
1046 2443 1110 2496 'fide
1131 2452 1238 2510 motet
1290 2451 1459 2503 deienmmur
1478 2454 1506 2500 in
1529 2451 1651 2514 perieulis
1674 2458 1839 2514 peccetornn
1857 2441 1888 2500 'et
1909 2451 2010 2500 mortio.
2046 2449 2120 2498 Hero
2143 2455 2183 2498 eet
2205 2449 2266 2500 sim

260 2515 399 2568 ssim
434 2516 649 2580 Pffll⁰⁸⁰i³hl⁰¹²¹¹¹
666 2523 706 2566 οὔ
721 2519 749 2566 1¹¹
766 2517 889 2566 emtione
905 2513 1040 2575 Danielis,
1063 2512 1128 2564 nibil
1151 2513 1237 2578 requi-
1290 2521 1353 2585 plex
1376 2521 1524 2580 sentencie,
1546 2519 1654 2584 reliquis
1670 2520 1804 2583 seripturis
1827 2519 2001 2568 consentiens.
2035 2515 2081 2568 Sio
2104 2517 2175 2566 euim
2198 2516 2266 2568 eooi-
2327 2521 2332 2530 '

259 2597 337 2645 rere,
357 2583 409 2634 niei
429 2584 644 2635 edbortsoionern
666 2585 700 2634 ds
720 2585 830 2648 imperio
851 2590 921 2633 reete
944 2581 1071 2646 gerendo.
1107 2579 1237 2632 Pbsrissi·
1288 2587 1383 2653 piends
1400 2593 1460 2636 eunt
1475 2586 1600 2650 preconis
1624 2600 1732 2651 opernm
1755 2593 1784 2635 et
1807 2585 1885 2650 legis,
1909 2599 1944 2635 ne
1964 2583 2102 2636 detrebsut
2125 2584 2159 2634 (ie
2179 2583 2267 2647 glorie

260 2667 320 2702 snm
343 2659 383 2702 est
398 2651 538 2716 effingere,
562 2654 634 2718 quod
654 2658 761 2718 propter
783 2665 847 2716 opos
869 2651 937 2700 illud
958 2651 1096 2714 eontingst
1116 2651 1237 2702 remissio
1289 2653 1388 2706 Obrieti
1406 2661 1432 2702 et
1448 2653 1598 2719 Eusngelij.

260 2727 435 2786 peoestorum.
470 2719 525 2772 Sed
543 2723 582 2772 its
597 2721 642 2782 iit,
659 2733 740 2785 opere
756 2719 911 2770 netursiitet
930 2720 1067 2770 intuu'ent
1088 2717 1236 2768 bominibus
1355 2723 1470 2774 lsetstur
1485 2730 1513 2771 et
1529 2721 1627 2772 dietum
1648 2721 1747 2773 coristi
1769 2721 1838 2786 epod
1855 2721 1968 2784 Luceni,
1990 2719 2060 2771 Dete
2082 2718 2266 2783 elemosynam,

260 2787 291 2839 in
307 2788 412 2850 oeulos,
430 2789 492 2852 quis
513 2789 592 2839 iidem
615 2803 665 2840 neo
686 2787 823 2852 intelligit,
845 2800 931 2853 neque
952 2786 1102 2839 oonsidorst
1123 2785 1238 2838 bsmsue
1288 2797 1315 2842 et
1332 2805 1392 2842 eeoe
1409 2792 1497 2841 omnis
1512 2789 1611 2840 munds
1625 2789 1796 2842 suutoobb.
1831 2789 1914 2840 Plene
1936 2789 2010 2840 surdi
2030 2795 2092 2838 eunt
2111 2789 2266 2853 eduensrij.

260 2859 339 2910 rdo-
371 2857 437 2908 ideo
454 2857 568 2908 somniet
583 2871 665 2924 opere
681 2858 728 2908 iiis
743 2858 838 2908 mereri
859 2856 1047 2908 remissionem.
1061 2862 1235 2920 potentorum·
1287 2859 1378 2912 Tetios
1394 2860 1447 2910 ism
1460 2857 1565 2908 dietim
1583 2865 1638 2921 est,
1649 2858 1747 2922 ,legem
1763 2858 1822 2908 eine
1839 2857 1946 2910 cbristo
1968 2871 2023 2906 nou
2044 2857 2184 2921 prodesse,
2205 2869 2267 2920 pro·

259 2925 334 2977 riser
351 2927 439 2990 opinio
457 2927 611 2976 naturaliter
627 2926 701 2976 beret
717 2926 746 2976 in
765 2925 857 2976 mimis
874 2923 1022 2986 homiuum,
1043 2937 1128 2990 neque
1151 2923 1238 2974 exouss
1289 2935 1348 2993 pter
1365 2940 1440 2993 quem
1456 2925 1560 2992 pleeeut
1577 2928 1646 2977 bone
1662 2939 1751 2990 opero.
1777 2922 1831 2977 Sed
1849 2926 1890 2978 illi
1906 2926 2012 2989 ubique,
2030 2925 2135 2974 exolueo
2153 2921 2267 2986 Gnrioto,

260 3001 357 3060 potest,
373 2995 426 3044 uisi
442 3009 501 3044 eum
519 2995 644 3046 diuinitus
662 2993 793 3046 decernor.
827 2993 882 3046 seo
897 3005 1022 3043 reuoome
1043 3005 1093 3042 nos
1115 2991 1237 3042 debew
1290 2997 1385 3048 dotent
1401 2997 1496 3046 mereri
1511 2995 1722 3047 iusu'iiostioneio
1738 3008 1786 3058 per
1803 3007 1885 3059 opers
1900 2994 1975 3056 legis.
2004 2994 2057 3046 Hio
2074 2992 2147 3044 loeus
2164 2993 2268 3055 integer

259 3062 294 3114 sb
310 3063 362 3114 bso
378 3063 477 3112 omnsii
493 3065 618 3127 opinione
634 3063 669 3114 sd
685 3061 857 3126 Emnpeuum
875 3068 902 3110 et
922 3061 1121 3126 promissionum
1138 3059 1238 3114 miseri·
1289 3065 1422 3130 prom,
1439 3063 1560 3114 mort
1572 3061 1599 3129 s)
1623 3068 1651 3112 et
1670 3061 1750 3113 iidem
1773 3062 1877 3126 requiri.
1913 3061 2124 3122 Cbtittne‘euim
2145 3060 2269 3123 obiurget

260 3131 382 3192 moise,
406 3131 434 3180 iu
463 3145 516 3195 que
536 3132 617 3193 gretie
640 3129 776 3180 exhibetur
798 3130 915 3180 remissio
936 3133 1102 3194 peosetorum
1131 3134 1239 3192 propter
1289 3133 1427 3184 Pbmiseos
1443 3132 1584 3182 sentientes
1600 3143 1631 3180 ee
1647 3143 1734 3182 mrem
1743 3128 1802 3180 Deo
1811 3129 1940 3192 moudsri,
1951 3126 2268 3191 honestiustifloeriore·

257 3197 401 3250 (ibristum.
435 3197 478 3248 Its
493 3200 521 3248 iu
540 3197 660 3248 omnibus
677 3198 744 3248 looie
761 3196 795 3246 de
811 3197 978 3262 poenitentis
994 3195 1060 3246 tides
1081 3197 1239 3262 requirendo
1290 3201 1344 3250 brie
1360 3198 1543 3261 oblationibus,
1560 3198 1630 3248 siem
1645 3197 1825 3262 Psponeeoio
1843 3197 1954 3263 qnis,de
2004 3210 2041 3246 ue
2056 3195 2111 3245 eolo
2126 3208 2269 3259 eonsperse

260 3273 310 3319 est.
340 3265 448 3318 Summe
464 3267 534 3318 euim
550 3265 707 3316 contumelio
722 3271 763 3316 est
777 3266 806 3316 in
823 3263 964 3328 Christum,
980 3265 1163 3316 remissionom
1178 3277 1239 3328 pee-
1291 3270 1385 3332 inquit,
1402 3267 1473 3332 quod
1490 3267 1614 3331 populum
1632 3265 1778 3316 mooteet
1793 3278 1826 3316 se
1841 3265 1956 3318 mundet.
2011 3263 2116 3327 tplose
2131 3264 2179 3326 eit,
2197 3263 2268 3327 quod

260 3341 378 3386 moron
393 3335 452 3386 sine
469 3334 576 3386 cbristo
592 3347 728 3397 quaerere.
1226 3359 1231 3364 ·
1290 3336 1399 3388 mundet
1422 3349 1439 3385 s
1465 3334 1620 3386 neuisiibue.
1641 3337 1642 3342 ’
1662 3333 1750 3386 Teios.
1766 3340 1843 3386 erem
1865 3338 1892 3382 et
1912 3331 2097 3384 Pbsrbeorum
2122 3332 2269 3397 opiniones,

330 3399 443 3464 Quidem
459 3405 664 3469 interpretentur
671 3401 810 3454 Deuieiem
828 3401 862 3452 de
878 3401 1034 3452 remissione
1051 3411 1163 3466 poeuse,
1181 3414 1240 3450 oum
1290 3419 1356 3471 ques
1370 3403 1541 3470 reprehendit
1557 3401 1685 3464 citisus,
1702 3408 1730 3451 st
1745 3402 1857 3467 opponit
1871 3401 1933 3454 buio
1950 3401 2027 3451 iiotse
2049 3400 2199 3465 purgetioni
2221 3399 2269 3450 du·
2316 3391 2322 3414 ¹

260 3473 308 3524 sit.
341 3469 453 3524 Redime
474 3479 582 3538 peomts
605 3471 768 3536 elemosynis.
802 3469 846 3520 Its
867 3469 934 3520 nibil
956 3475 1049 3520 eoum
1072 3482 1121 3519 uos
1142 3467 1241 3520 meent
1290 3475 1383 3540 plioem
1401 3473 1568 3533 munditiem.
1584 3469 1704 3522 Alternus
1721 3469 1860 3532 iuternenr,
1876 3469 1997 3533 Altorem
2013 3475 2155 3520 externum.
2191 3467 2269 3518 Iubet

259 3537 367 3591 Denter
407 3537 465 3589 Etsi
491 3540 600 3590 dubium
626 3554 681 3590 nou
707 3546 762 3600 est,
789 3539 852 3604 quin
877 3538 999 3604 loquetur
1025 3537 1059 3588 de
1086 3537 1242 3590 remiseiostt
1291 3549 1320 3592 ut
1335 3543 1405 3592 intus
1422 3541 1587 3592 muudeutnr.
1622 3537 1659 3588 Et
1676 3537 1752 3590 sotir
1769 3537 1802 3588 de
1819 3539 1950 3590 mundioie
1973 3543 2089 3588 externe
2124 3535 2195 3588 Dete
2216 3536 2268 3588 ele·

262 3607 364 3672 suipse.
398 3605 506 3658 muns
522 3609 591 3658 enim
608 3609 741 3673 quoeritur
756 3607 875 3658 remissio
1000 3606 1080 3668 ,nisi
1103 3606 1175 3670 prius
1193 3617 1240 3654 tot·
1291 3624 1427 3676 mosynsm
1443 3610 1476 3659 de
1494 3623 1526 3658 eo
1545 3606 1616 3670 quod
1633 3613 1765 3672 superest,
1790 3615 1816 3656 et
1832 3607 1872 3656 sio
1888 3607 1978 3657 omnin
2001 3613 2077 3656 erunt
2097 3605 2173 3656 uobis
2196 3618 2269 3656 mou·

261 3673 466 3740 sppseiseuderit
480 3674 534 3726 tide
550 3677 728 3725 remissionom
749 3675 850 3739 onipee.
885 3620 1011 3736 wei
1032 3674 1073 3724 1111
1094 3674 1241 3724 ooooedent
1293 3680 1335 3730 αι
1354 3679 1519 3744 ‘Aduerssrij
1536 3689 1592 3726 nou
1608 3683 1678 3726 rente
1700 3675 1899 3726 sooommodent
1914 3674 2068 3740 portionism
2085 3673 2269 3724 uniuerssiem.

262 3744 440 3796 remissionem
459 3745 551 3807 ouipeo
570 3743 653 3806 gustis
670 3741 824 3806 eontingere
841 3755 887 3806 per
904 3741 997 3805 fldem,
1018 3755 1069 3792 nos
1092 3751 1186 3807 postte
1200 3741 1238 3793 h·
1293 3747 1413 3800 Christos
1432 3748 1501 3798 enirn
1518 3744 1594 3797 rodit
1608 3743 1676 3794 beno
1693 3743 1889 3795 oonolusiouem
1908 3743 2010 3808 utrique
2033 3742 2158 3792 membro.
2195 3739 2269 3790 Tune

195 3817 202 3824 “
260 3813 313 3862 sile
329 3813 471 3876 imqiemur
488 3823 588 3876 poenes
605 3811 697 3874 quibus
721 3811 895 3873 ossogsnor,
917 3811 1033 3873 mitigen'
1055 3810 1131 3860 bouis
1154 3809 1240 3874 operi·
1291 3818 1381 3866 omnis
1397 3821 1473 3866 eruut
1490 3813 1595 3874 muniis,
1612 3812 1750 3873 uidelicet,
1768 3812 1790 3860 ei
1808 3812 1877 3862 intuo
1895 3811 1968 3860 eritis
1985 3809 2076 3860 mnndi
2093 3816 2121 3858 et
2136 3807 2201 3858 ioris
2219 3807 2270 3858 oie·

263 3880 320 3942 bus,
338 3888 365 3932 et
380 3885 439 3930 tots
454 3879 637 3946 poenitentis,
659 3880 734 3930 iuxte
750 3877 829 3940 illud,
850 3875 882 3928 Si
902 3891 952 3926 nos
973 3877 1163 3940 inniteremur,
1186 3891 1240 3928 uon
1291 3897 1425 3950 mosyuem
1451 3882 1583 3932 dederitis.
1624 3878 1763 3942 signifieat
1788 3879 1858 3928 enim
1884 3878 1956 3942 qnod
1985 3884 2094 3926 externe
2124 3875 2270 3928 mundities

258 3948 435 4000 ludim
449 3963 467 3997 ⁸
482 3946 608 3999 Domitio·
642 3948 679 3998 14¹⁸
693 3945 787 3997 letw-
807 3944 849 3996 15·
866 3943 896 3998 Sl
913 3959 1054 3996 mutim
1071 3943 1160 4007 fuerit.
1179 3958 1240 3996 ⁰⁰¹1·
1292 3951 1447 4004 oolloosnde
1463 3952 1498 4001 sit
1514 3951 1542 3998 in
1560 3947 1683 4011 operibus
1701 3961 1717 3997 s
1733 3944 1793 3996 Deo
1811 3945 1972 4010 proeceptis,
1997 3958 2050 3993 non
2068 3945 2098 3992 in
2120 3943 2270 3994 treditioui·

262 4023 363 4068 uertssu
378 4024 415 4068 te.
450 4016 485 4066 Et
501 4014 599 4066 Zsobe.
617 4019 641 4066 l.
660 4015 850 4066 &nonenim
872 4014 907 4063 ed
930 4028 982 4074 me,
1006 4019 1034 4062 st
1055 4027 1106 4076 ogo
1131 4025 1239 4066 oenum·
1291 4019 1489 4080 entremenis,
1512 4023 1542 4066 ut
1558 4024 1620 4064 tuno
1638 4021 1713 4064 esent
1729 4015 1791 4066 illes
1808 4013 1968 4074 sblntiones,
1991 4018 2018 4060 et
2034 4026 2105 4062 nuno
2125 4019 2167 4062 est
2185 4012 2270 4076 quoti·

262 4092 305 4138 tsr
321 4086 357 4136 sd
372 4098 429 4136 eos.
446 4085 484 4134 iit
498 4083 596 4136 Pssin.
614 4083 658 4136 49.
674 4083 773 4134 Inuooe
788 4098 830 4134 me
846 4083 875 4133 iu
893 4081 936 4134 die
953 4081 1135 4134 montenonis.
1291 4089 1371 4140 m
1386 4089 1501 4154 aspersio
1519 4095 1612 4147 squse,
1630 4083 1740 4136 uestitus
1757 4079 1960 4142 iionsobornm,
1978 4080 2128 4130 discrimine
2145 4079 2271 4142 oiborum,

330 4153 377 4206 Sit
393 4153 563 4204 iudiosndnm
580 4159 620 4202 est
637 4161 664 4202 et
676 4151 705 4216 ⁴¹)
723 4152 756 4202 de
773 4152 824 4202 boe
840 4151 910 4212 loeo,
928 4149 1064 4202 Remitflte
1082 4150 1239 4202 etremitte·
1291 4165 1319 4208 ‚e
1335 4159 1434 4210 ,inires
1452 4165 1581 4220 pompse„
1606 4147 1661 4202 Sed
1684 4150 1825 4216 eduerssrij
1850 4155 2017 4213 corrumpunt
2038 4149 2198 4198 senonoien
2219 4146 2270 4198 So·

262 4229 305 4272 tor
321 4222 404 4274 uobis.
440 4219 488 4272 Est
505 4221 575 4271 enim
591 4235 659 4284 pene
676 4219 766 4272 similis
783 4221 878 4270 oonoio
899 4220 932 4272 de
955 4219 1127 4284 poeniteoeis.
1163 4217 1241 4268 Prior
1291 4227 1399 4292 phuam
1416 4221 1541 4273 munst·
1561 4219 1690 4284 psrtiouls
1713 4217 1853 4269 uniuereeli
1875 4216 1910 4268 ed
1932 4231 2011 4266 unum
2033 4223 2151 4282 portem,
2174 4215 2270 4268 Omnis

164 4317 168 4328 =
262 4290 391 4412 forme
414 4289 523 4354 requirit
547 4289 616 4340 boue
641 4295 736 4355 opere,
764 4287 901 4340 Posterior
925 4287 1000 4338 sidit
1030 4288 1239 4351 promissionem.
1292 4302 1368 4344 erunt
1384 4291 1490 4352 munds,
1507 4288 1574 4340 detis
1592 4286 1757 4350 elemosynis,
1774 4287 1845 4336 nt'si
1861 4287 1919 4351 quis
1936 4285 2115 4336 ratiocinetur.
2148 4285 2270 4336 Androm

289 4373 355 4424 eque
383 4365 423 4409 est
447 4357 670 4422 retioeinsndum,
695 4357 768 4421 qnod
793 4365 886 4408 nostre
913 4356 1074 4408 oondonstio
1100 4370 1134 4406 ex
1160 4369 1241 4422 opere
1291 4363 1373 4424 ndns,
1404 4363 1412 4414 i
1442 4367 1485 4410 tur
1514 4369 1605 4406 omnes
1632 4355 1750 4420 Apostoli
1784 4354 1888 4406 sdsunt.
1932 4351 2020 4414 Qusre
2045 4354 2074 4404 iu
2100 4353 2271 4408 mteosoente

258 4434 373 4494 opertio
394 4433 524 4478 metemur
544 4427 622 4478 nobis
648 4426 744 4478 remitti
768 4431 883 4490 peooetn
918 4423 982 4476 Nou
1007 4425 1077 4476 enim
1100 4423 1165 4476 dioit
1188 4423 1239 4474 boo
1291 4439 1429 4498 nmque
1444 4427 1587 4478 membrum
1603 4424 1727 4488 eoniuoqi
1745 4423 1829 4485 debet,
1848 4421 1960 4481 credite,
1978 4427 2005 4470 et
2023 4422 2082 4472 dete
2099 4422 2271 4486 elemosynes,

262 4494 391 4547 strim-
424 4493 479 4546 sen
495 4495 563 4546 timi
578 4495 636 4562 elli!
658 4495 824 4546 mm&
847 4495 965 4546 mttffl
986 4490 1106 4544 elilim
1128 4492 1239 4559 oronit-
1291 4500 1335 4552 Its
1350 4500 1440 4550 omnin
1456 4501 1535 4546 erunt
1549 4491 1657 4544 munds.
1691 4489 1828 4557 Seripture
1844 4491 1923 4564 enirn¹
1936 4489 2001 4540 olibi
2019 4489 2086 4540 dioit
2107 4490 2160 4540 iide
2181 4487 2269 4556 purit-

261 4564 365 4616 duuem
378 4563 538 4616 remissionis
561 4571 742 4629 peooetorom,
764 4564 803 4612 its
824 4563 940 4613 snneotit
960 4568 988 4611 et
1010 4561 1085 4612 bonis
1108 4561 1237 4627 operibus.
1292 4570 1346 4620 eui
1363 4567 1453 4618 eorde.
1488 4560 1608 4626 Quodsi
1630 4561 1711 4612 eorde
1732 4562 1785 4613 sint
1808 4560 1949 4621 mundste,
1972 4565 2000 4608 et
2022 4559 2116 4609 deinde
2139 4557 2203 4608 ioris
2226 4570 2270 4606 so·

262 4631 299 4684 Et
313 4633 380 4683 siout
397 4632 426 4682 in
443 4645 527 4682 ooens
542 4631 651 4683 Domini
667 4646 721 4684 non
739 4632 921 4696 consequimur
942 4630 1124 4681 remissionem
1146 4643 1239 4695 peoos·
1293 4635 1387 4687 eedsnt
1403 4635 1576 4696 elemosynse,
1592 4627 1644 4680 boo
1669 4635 1715 4692 eet,
1739 4641 1819 4693 opere
1842 4627 1961 4678 osritstb
1983 4627 2068 4676 omnis
2090 4626 2209 4690 generis,
2230 4625 2271 4674 its

263 4708 351 4752 sorum
376 4701 434 4750 siue
459 4699 512 4750 tide
535 4713 569 4750 su
594 4712 674 4765 opere
700 4705 819 4764 opersto.
853 4697 895 4750 Its
919 4711 1006 4763 neque
1027 4698 1055 4748 in
1076 4696 1128 4750 boo
1150 4711 1238 4764 opert.
1293 4706 1342 4756 toti
1360 4711 1435 4756 erunt
1450 4699 1549 4760 mnndi.
1566 4697 1617 4750 boo
1635 4703 1688 4759 est,
1705 4709 1759 4748 noo
1776 4695 1861 4748 solum
1877 4696 1955 4756 intus,
1972 4695 2020 4746 seri
2036 4693 2100 4746 ioris
2118 4694 2204 4745 etism
2228 4691 2274 4742 Ao

263 4766 1239 4832 isrouoseseoonooostiononestbonsmopor,nisioontitsre·
1920 4799 1922 4810 ,

264 4837 419 4890 morum.
453 4833 520 4890 Ideo
536 4844 628 4890 nostre
649 4835 823 4899 moossoo,
846 4849 913 4902 quse
934 4835 1039 4900 quidem
1061 4833 1148 4900 plesse
1171 4833 1241 4896 Deo,

310 5051 323 5072 ,
1312 5006 1342 5074 e)
1358 5001 1432 5076 Non]
1449 5005 1500 5058 Ed.
1518 5005 1557 5056 ot
1574 5001 1631 5056 rios

283 5090 312 5158 ο1
328 5089 402 5158 Ιιίιῦ1
419 5092 470 5144 ²⁶·
487 5092 530 5144 4²
545 5090 591 5162 ¹¹¹⁰,
634 5091 635 5094 ¹
1312 5089 1342 5159 f)
1359 5091 1537 5156 poenitentis]
1553 5087 1604 5142 ito.
1623 5091 1648 5140 1.
1667 5093 1719 5159 tpp.
1739 5101 1804 5138 eme
1822 5087 1972 5152 poenitente

283 5175 316 5244 ti)
333 5173 415 5244 silis
431 5177 482 5229 liti.
499 5176 527 5228 8.
543 5175 619 5232 oses.
892 5219 896 5230 .
1209 5212 1212 5225 ·
1312 5176 1345 5244 a)
1363 5175 1494 5245 munet]
1512 5176 1562 5230 Ed.
1581 5177 1618 5230 to
1635 5169 1750 5227 metuit

2088 5205 2094 5214 .
