4894 5672
191 259 258 328 aar
638 255 751 328 eun.
773 256 880 330 nnn
902 197 1092 330 sennem
1106 235 1385 325 'noemam
1405 251 1463 320 nr
1484 251 1756 324 srnnouoa
1950 211 1952 221 ’
2141 251 2209 322 see

148 441 149 446 ’
193 459 328 536 oportet
349 466 413 516 nos
434 445 501 512 lide
521 446 676 532 occipere
696 442 926 518 remissionem
947 456 1179 534 peccatorum,
1229 443 1342 528 tmejs
1374 444 1491 510 eadem
1527 443 1570 508 de
1597 461 1635 509 ne
1666 442 1864 530 muoeunj.
1919 441 1995 512 lloc
2029 463 2098 510 non
2135 454 2210 529 pot·

322 533 431 620 legem
460 529 620 612 iacimus,
653 534 736 612 etsi,
767 545 935 620 utsupra
968 534 1091 600 dictum
1116 543 1179 611 est,
1230 540 1283 598 est
1326 527 1509 613 explicari,
1553 548 1621 595 uon
1666 539 1809 612 possum
1847 530 2076 598 conscientiae
2116 531 2210 596 reddi

194 556 296 688 dddlll
318 619 451 686 dilectio
473 620 637 704 seqnitur,
659 619 852 705 quiareuati
865 621 1015 706 spiritum
1027 629 1179 684 sanctum
1229 613 1448 702 tranquillae,
1486 613 1550 678 nisi
1588 615 1696 680 sciant
1727 617 1919 682 mandatum
1950 613 2016 682 Dei
2047 635 2146 693 esse,
2176 627 2213 682 et

195 707 381 792 accipiunt,
408 707 486 772 ideo
508 702 618 790 legem
639 702 754 770 iacere
776 707 947 792 incipiunt.
991 703 1178 770 citaremus
1229 703 1339 787 ipsum
1357 697 1596 786 Euangelinm,
1617 712 1654 766 vt
1675 712 1769 766 emto
1791 711 1938 768 statuant
1960 713 2098 787 propter
2115 699 2208 768 Chri·

194 793 296 946 plura
328 791 519 858 testimonie
529 835 542 867 ,
576 790 639 854 nisi
673 791 773 856 obuia
806 803 924 858 essent
956 788 1091 857 cuilibet
1145 792 1179 856 io
1229 801 1317 856 stum
1336 787 1443 875 gratis
1464 785 1585 852 remitti
1614 797 1772 871 moneta,
1804 806 1867 852 uec
1895 786 2046 854 dubitent
2072 786 2137 854 sihi
2157 807 2208 854 re·

210 878 317 945 actori
338 881 373 944 in
394 877 581 961 scripturis.
625 875 668 942 Et
688 895 752 942 nos
782 898 850 944 non
870 879 967 944 nimis
982 880 1037 955 ²⁴)
1059 811 1180 960 prolixi
1230 876 1320 940 mitti.
1342 871 1402 938 .Si
1435 873 1510 957 quis
1534 872 1686 952 dubitet,
1724 873 1779 950 is,
1811 884 1847 938 vt
1868 871 2036 942 lohannes
2067 874 2125 953 ait,
2155 894 2211 940 ac·

196 983 276 1036 asse
299 964 467 1048 cupimus,
489 975 525 1028 vt
541 957 672 1026 facilius
694 963 782 1028 haec
804 983 909 1030 censa
931 963 1079 1049 perspici
1100 981 1180 1046 pos·
1230 973 1327 1026 cusat
1344 959 1599 1046 promissionem
1626 957 1768 1024 diuinam
1796 959 1972 1044 mendacij.
2017 958 2114 1026 Hunc
2135 979 2209 1026 eer-

196 1052 251 1118 sit.
295 1051 415 1135 Neque
444 1067 526 1113 vero
553 1047 687 1116 dnhium
710 1059 780 1126 est,
808 1050 888 1135 quin
917 1047 1004 1116 haee
1031 1048 1075 1113 sit
1103 1067 1179 1112 sen·
1230 1047 1401 1112 titudinem
1429 1043 1506 1109 fidei
1535 1063 1599 1110 nos
1621 1044 1782 1112 doceam
1804 1045 1927 1130 requiri
1948 1047 1982 1112 in
2008 1042 2208 1132 Euangelio.

195 1137 307 1204 tencie
329 1133 441 1209 Pauli,
468 1153 566 1218 quam
589 1133 814 1212 defendimus,
836 1135 926 1220 quod
948 1133 1015 1199 lide
1036 1134 1180 1217 accipia-
1229 1130 1427 1216 Aduersarij
1450 1127 1640 1216 relinquunt
1662 1131 1887 1196 conscientias
1909 1131 2055 1198 incertas
2085 1143 2118 1197 et
2143 1151 2213 1198 em-

196 1242 272 1290 mus
305 1220 536 1286 remissionem
574 1233 791 1304 peccatorum
830 1232 968 1307 propter
999 1219 1180 1299 Christum,
1229 1220 1394 1306 higentes.
1438 1213 1528 1281 Nihil
1550 1227 1661 1282 eutem
1685 1227 1790 1304 agunt
1816 1219 2044 1284 conscientiae
2063 1236 2106 1282 ex
2134 1215 2212 1296 lide,

197 1308 288 1394 quod
317 1306 384 1376 fide
412 1305 627 1370 mediatorem
655 1303 823 1372 Christum
855 1325 1025 1391 opponere
1058 1306 1179 1370 debea-
1231 1325 1307 1372 cum
1334 1313 1496 1390 perpetuo
1524 1303 1692 1384 dubitent,
1724 1314 1834 1368 rtrum
1866 1300 2012 1370 babeant
2042 1304 2236 1394 remissio-1

196 1413 271 1460 mus
299 1393 369 1458 irae
390 1389 474 1472 Dei,
496 1411 564 1454 non
593 1411 696 1476 opera
717 1403 846 1458 nostra.
889 1392 964 1457 Nec
984 1390 1180 1474 perturben·
1230 1411 1317 1456 nem.
1372 1387 1549 1462 Quomodo
1582 1399 1726 1472 possunt
1763 1389 1797 1454 in
1830 1387 1895 1456 hac
1928 1389 2134 1456 dubitatione
2164 1389 2213 1456 in·

197 1488 253 1546 tnr
279 1479 356 1563 piae
391 1489 538 1555 mentes,
572 1478 700 1542 etiarmi
734 1475 829 1544 Pauli
863 1478 1056 1544 sentencias
1089 1471 1178 1542 calu·
1231 1496 1355 1543 uocare
1390 1473 1515 1540 neunt
1547 1473 1715 1560 quomo'do
1747 1484 1891 1560 possunt
1920 1487 2091 1554 statuere,
2122 1474 2213 1562 qnod

196 1564 364 1630 mnientur
385 1562 583 1648 aduerserij.
627 1561 718 1628 Nihil
740 1573 806 1628 mm
834 1561 1027 1648 simpliciter
1048 1562 1179 1640 dicitur,
1231 1559 1472 1628 exandiantur?
1513 1559 1564 1626 lte
1589 1571 1660 1624 tota
1688 1560 1756 1626 vita
1778 1572 1832 1626 est
1864 1561 1937 1628 sine
1956 1559 2052 1638 Deo,
2079 1569 2114 1626 at
2139 1559 2214 1628 sine

198 1651 289 1736 quod
311 1670 378 1716 non
400 1661 502 1734 queat
523 1649 701 1732 deprauari
722 1647 922 1716 cauillando.
955 1647 1028 1714 Nos
1051 1648 1179 1714 scimus
1230 1667 1314 1714 vero
1337 1643 1429 1714 cultu
1449 1643 1525 1712 Dei.
1569 1643 1644 1710 Hoc
1666 1647 1830 1732 estquod
1851 1644 1977 1714 Paulus
1997 1645 2114 1732 inquit,
2134 1665 2212 1730 pee-

196 1733 303 1814 hanc,
332 1755 431 1818 quam
453 1734 616 1814 diximus,
638 1753 752 1800 venem
775 1745 809 1801 et
830 1753 1024 1822 germanam
1046 1745 1179 1798 senten·
1232 1745 1342 1802 cetum
1371 1750 1450 1798 esse
1478 1731 1638 1817 quidquid
1664 1752 1732 1799 non
1760 1731 1797 1797 fit
1823 1753 1866 1798 ex
1887 1732 1967 1812 lide,
2011 1731 2054 1797 Et
2082 1732 2160 1818 quie
2179 1733 2215 1798 in

198 1822 285 1886 aiem
307 1819 403 1885 Pauli
426 1837 521 1899 esse,
542 1820 669 1886 scimus
690 1821 779 1886 hanc
802 1831 952 1886 nostram
973 1819 1181 1885 sentenciam
1230 1819 1298 1886 hac
1324 1817 1530 1885 dubitatione
1555 1837 1598 1902 pe
1660 1830 1716 1884 tuo
1747 1830 1941 1898 versantur,
1965 1837 2136 1904 nunquam
2158 1838 2215 1884 ex·

197 1906 264 1993 pijs
287 1906 505 1991 conscientijs
528 1905 655 1970 firmem
674 1903 939 1972 consolationem
954 1905 1086 1983 afferre,
1108 1905 1181 1969 sine
1233 1907 1405 1989 periuntur
1436 1904 1514 1988 quid
1543 1905 1588 1968 sit
1641 1905 1712 1971 des.
1757 1905 1805 1970 lta
1834 1901 1872 1969 fit
1900 1918 1936 1970 vt
1967 1903 2011 1969 ad
2033 1915 2215 1970 extremum

197 2013 265 2078 qua
288 2012 385 2056 nemo
406 1992 594 2058 consistere
614 1993 648 2056 in
677 1991 800 2058 iudicio
821 1991 887 2058 Dei
909 2003 1021 2076 queat.
1065 1990 1181 2075 ltaque
1232 2002 1330 2058 ruant
1351 1991 1384 2056 in
1408 1989 1687 2074 desperationem.
1731 1987 1823 2054 'l'ulis
1846 2001 1899 2056 est
1920 1990 2074 2056 doctrine
2094 1991 2215 2057 aduer-

197 2079 412 2164 repudientur
450 2074 529 2142 illae
560 2075 779 2142 Pherisaicee
812 2078 987 2162 opiniones
1024 2078 1181 2142 aduersa·
1205 2101 1210 2128 ·
1233 2077 1417 2152 sariorum,
1446 2072 1633 2142 doctrinal
1678 2078 1726 2154 is,
1753 2077 1930 2162 abrogatis
1950 2072 2138 2163 Euangelij,
2152 2075 2215 2148 ,do-

198 2165 344 2242 riornm,
376 2163 467 2249 quod
503 2182 570 2228 non
602 2163 804 2248 accipiamus
843 2162 910 2230 lide
950 2163 1181 2228 remissionem
1233 2163 1341 2228 ctrina
1363 2161 1619 2248 desperationis.
1696 2181 1761 2226 uno
1781 2158 1923 2228 libenter
1940 2162 2096 2230 omnihus
2118 2161 2215 2228 bouis

198 2261 438 2335 peccatorum,
459 2250 521 2314 sed
543 2249 634 2334 qnod
663 2259 820 2334 oporteat
850 2249 970 2316 mereri
1004 2245 1182 2315 dilectione
1233 2249 1315 2314 viris
1347 2247 1567 2335 permittimus
1595 2246 1751 2314 iudicium
1780 2250 1823 2314 de
1850 2248 1917 2314 hoc
1943 2245 2022 2314 loeo
2044 2249 2215 2332 poeniten·

197 2347 316 2400 nostra
345 2346 378 2399 et
405 2336 582 2440 operibus,
609 2335 937 2438 guod-dilectionem
969 2345 1118 2400 nostram
1149 2342 1182 2398 et
1233 2335 1320 2439 aiae,
1341 2329 1424 2436 nihil
1445 2332 1532 2398 enin
1554 2329 1658 2438 hahet
1679 2335 1829 2436 obscuri,
1847 2344 1889 2438 ¹rt
1898 2334 2133 2438 pronuncient,
2153 2333 2220 2400 vtri

199 2420 634 2591 sensissetis
649 2420 1068 2593 inuisissimis.
1088 2419 1183 2591 {iti
1232 2415 2122 2589 :tiinitiis”iit.t·i.”⁸t.i¹'i.r.it.⁰t⁰¹i.t
2140 2439 2219 2572 ”iit

197 2591 364 2657 hominem
396 2587 472 2677 lege
504 2589 695 2670 iustificari,
728 2611 826 2678 quem
850 2611 912 2676 per
933 2587 1105 2657 Christum
1133 2611 1183 2656 re·
1233 2590 1464 2656 dissensiones
1486 2591 1520 2654 in
1542 2587 1709 2670 Ecclesia,
1732 2611 1836 2676 quare
1857 2591 1923 2656 nisi
1945 2611 2087 2678 magnas
2108 2604 2145 2658 ct
2160 2611 2219 2658 ne-

199 2675 397 2762 eonciliatus
419 2677 463 2742 sit
485 2675 585 2756 Deo,
617 2699 692 2744 cum
715 2675 868 2743 Christus
891 2677 997 2756 dicat,
1026 2677 1107 2743 Sine
1128 2696 1183 2741 me
1233 2676 1407 2746 cessarias'
1426 2695 1548 2748 causas
1570 2675 1772 2744 haberemus
1794 2678 2018 2744 dissenciendi
2035 2679 2079 2746 ab
2095 2679 2217 2746 aduer-

197 2761 280 2854 nihil
308 2761 450 2866 potestis
478 2759 605 2828 iacere.
654 2763 752 2841 itam,
779 2761 854 2868 ¹35⁰
881 2781 957 2828 snm
984 2764 1061 2829 vitis
1088 2781 1182 2841 vera,
1234 2763 1353 2868 sarijs,
1386 2781 1517 2868 summe
1549 2759 1724 2866 voluntate
1756 2773 1957 2842 taceremus.
2011 2761 2110 2830 Nunc
2142 2782 2217 2868 oum

197 2845 467 3013 mittit..
490 2847 632 3014 iiii,
647 2848 992 3000 :institit
1011 2867 1183 3001 sinti?
1232 2847 2217 3022 :issmffliiifflssltsifflssh²'istst-..¹33

211 3029 271 3084 unt
310 3017 390 3106 lege
421 3017 615 3092 iustificari,
653 3015 865 3086 dilectionem
897 3031 1048 3087 nostram
1063 3023 1115 3100 ²⁶)
1148 3030 1183 3085 et
1233 3021 1296 3088 sed
1317 3017 1442 3085 Christi
1464 3029 1498 3084 et
1517 3015 1703 3086 Ecclesiae.

197 3126 219 3172 o
281 3125 303 3171 a
334 3103 455 3172 offerre
481 3104 574 3184 Deo,
601 3125 701 3191 quam
730 3105 989 3172 reconcilientur
1014 3104 1092 3173 Deo
1120 3123 1182 3190 per
1319 3104 1473 3172 Diximus
1494 3126 1579 3193 ques
1600 3107 1644 3172 ob
1668 3125 1790 3172 causas
1815 3107 2026 3192 posuerimus
2046 3103 2109 3173 has
2129 3105 2215 3173 dues

267 3193 375 3272 'stnm,
397 3211 498 3278 quarn
517 3191 585 3256 sint
605 3189 760 3277 palmites
778 3190 913 3258 Christi.
947 3188 1073 3260 Paulus
1096 3211 1177 3257 con·
1256 3203 1347 3258 artes
1368 3192 1601 3278 poenitenciae
1636 3194 1875 3260 contricionem
1896 3204 1931 3258 et
1962 3192 2074 3258 iidem.
2113 3193 2149 3258 ld
2174 3213 2216 3259 ue

196 3287 249 3342 tre
265 3279 442 3346 ‘contendit
470 3274 580 3364 legem
604 3297 676 3344 non
698 3295 803 3364 posse
831 3277 903 3344 lieri
936 3279 1011 3346 sine
1032 3277 1179 3344 Christo.
1231 3215 1300 3343 loc
1322 3274 1462 3344 lecimus
1489 3275 1667 3351 libentius,
1703 3279 1781 3366 quia
1807 3275 2084 3346 circumferuntur
2110 3215 2217 3346 millia

112 3415 115 3422 ,
196 3360 277 3426 ideo
310 3363 487 3446 promissio
520 3363 613 3446 prius
640 3364 836 3449 accipienda
864 3374 933 3435 est.
968 3375 1003 3430 vt
1030 3363 1098 3430 lide
1128 3383 1180 3430 re·
1232 3363 1320 3431 dicta
1358 3365 1400 3430 de
1437 3363 1647 3450 poenitencia
1685 3385 1771 3451 quae
1804 3374 1958 3431 truncata
1992 3365 2134 3431 citantur
2172 3385 2215 3431 ex
2269 3369 2278 3378 “

197 3443 413 3512 conciliemur
441 3440 536 3525 Deo,
563 3459 702 3534 propter
724 3447 911 3527 Christum,
945 3471 1046 3552 quam
1067 3445 1100 3515 le
1147 3471 1178 3514 m
1232 3448 1406 3528 Patribus,
1433 3470 1521 3535 quae
1542 3452 1587 3515 ad
1607 3451 1853 3516 obscurandam
1874 3449 1974 3516 fldem
2002 3451 2216 3517 detorserunt

196 3531 350 3600 iacimus.
393 3530 485 3613 llaec
507 3533 590 3595 satis
612 3535 791 3617 perspicua
814 3552 891 3600 esse
913 3536 980 3620 piJs
1005 3553 1109 3600 conec
1122 3553 1178 3598 en·
1231 3534 1430 3620 aduersarij.
1470 3531 1565 3601 Talia
1586 3548 1677 3614 aunt,
1701 3537 1912 3623 poenitencia
1934 3548 1987 3602 est
2006 3533 2097 3604 mala
2118 3557 2216 3622 prae·

195 3618 252 3704 tijs
282 3617 519 3682 existimemus.
563 3615 606 3682 Et
633 3617 710 3683 hinc
742 3615 945 3706 intelligent,
979 3617 1048 3686 Cur
1076 3639 1179 3703 supra
1230 3621 1328 3684 terite
1349 3617 1529 3706 plangere,
1556 3631 1591 3686 et
1611 3617 1802 3709 plangenda
1828 3622 1946 3690 iterum
1970 3642 2039 3689 non
2067 3621 2215 3692 commit·

237 3697 343 3768 ol'essi
372 3703 476 3766 simus
498 3701 671 3770 iustificari
693 3703 846 3770 homines
861 3708 915 3786 ²⁶)
937 3703 1021 3786 lide,
1042 3723 1111 3771 non
1133 3704 1177 3769 di·
1229 3715 1311 3771 tere
1356 3705 1449 3786 ltem,
1470 3705 1690 3773 Paenitencie
1710 3719 1764 3774 est
1808 3709 1951 3776 uaedam
1976 3703 2121 3775 dolentis
2144 3709 2212 3775 vin·

194 3719 360 3868 notione,
383 3786 460 3874 qnia
480 3800 614 3872 oportet
635 3809 699 3854 nos
723 3807 893 3875 opponere
914 3792 985 3856 irae
1005 3789 1088 3869 llei,
1108 3809 1177 3856 non
1229 3790 1331 3870 dicta,
1352 3793 1494 3879 puniens
1515 3793 1550 3858 in
1572 3811 1611 3858 se
1633 3793 1724 3878 quod
1746 3727 1839 3860 dolat
1859 3813 1899 3860 se
1920 3795 2143 3860 commisisse.
2177 3794 2215 3860 ln

195 3885 345 3944 nostram
386 3871 617 3954 dilectionem,
656 3887 714 3942 ant
748 3893 872 3960 opera,
911 3889 969 3942 ant
1007 3875 1178 3944 confidere
1228 3874 1281 3943 his
1303 3878 1401 3944 dictis
1424 3875 1516 3946 nnlla
1542 3877 1580 3944 fit
1601 3882 1725 3946 mentio
1754 3877 1850 3959 fidei,
1878 3881 1932 3944 Ac
1957 3901 2002 3946 ne
2028 3881 2062 3945 ln
2084 3878 2215 3946 scholis
2295 3939 2309 3964 ,

194 3971 312 4030 nostra
334 3958 512 4027 dilectione
533 3981 575 4048 ac
596 3961 768 4046 operibus,
790 3963 853 4028 sed
864 3960 1034 4029 Christum
1055 3963 1177 4030 madia·
1252 3965 1372 4042 uidem,
1395 3985 1468 4030 cnm
1487 3965 1757 4050 interpretantur,
1779 3965 1904 4052 aliquid
1922 3964 2048 4032 deiide
2065 3965 2209 4032 additur.

194 4057 312 4114 torem.
355 4046 398 4112 Et
427 4046 520 4129 prius
542 4057 674 4132 oportet
703 4047 956 4135 apprehendere
982 4049 1175 4134 promissio·
1229 3985 1342 4129 guare
1370 4071 1435 4117 nos
1465 4071 1555 4132 eam,
1580 4060 1618 4117 rt
1643 4053 1753 4138 magis
1778 4052 1930 4137 conspici
1951 4051 2106 4118 doctrine
2131 4050 2211 4120 fidei

194 4151 271 4198 nem
293 4133 499 4198 remissionis
521 4145 749 4217 peccatorum,
771 4155 870 4221 quam
890 4132 999 4222 legem
1021 4131 1174 4201 lecimus.
1252 4147 1363 4214 osset,
1406 4136 1493 4202 inter
1531 4148 1645 4224 partes
1684 4137 1913 4223 poenitenciae
1951 4139 2207 4206 numerauimus.

280 4215 477 4296 Postremo,
505 4219 640 4303 quando
663 4220 725 4285 erit
748 4232 868 4308 pacate
890 4221 1113 4301 conscientia,
1139 4221 1176 4288 Si
1226 4157 1313 4288 liam
1333 4219 1393 4288 illa
1413 4223 1522 4298 dicta,
1567 4243 1630 4290 nee
1650 4224 1892 4292 contricionem
1912 4233 1971 4290 aut
1994 4226 2084 4291 hona
2105 4243 2213 4310 opera

192 4303 278 4370 ideo·
292 4305 474 4390 accipimus
497 4305 727 4370 remissionem
749 4317 983 4388 peccatorum,
1010 4307 1089 4394 quia
1111 4327 1175 4374 nos
1226 4309 1418 4394 requirunt,
1451 4320 1485 4375 et
1512 4329 1534 4374 n
1603 4329 1636 4376 m
1665 4307 1743 4376 fidei
1770 4309 1980 4378 iustificantis
2002 4311 2209 4377 mencionem

193 4386 250 4458 dili
275 4391 373 4469 'nrum
395 4403 451 4456 ant
473 4387 584 4475 lagena
610 4385 774 4458 iacimus?
806 4391 945 4478 Semper
967 4395 1054 4460 enim
1076 4407 1176 4460 accu·
1226 4391 1364 4466 iaciunt,
1384 4391 1577 4480 peneum
1598 4414 1689 4474 essa,
1710 4415 1767 4461 res
1788 4397 1862 4480 ipse
1880 4395 2037 4462 ostendlt
2076 4393 2120 4462 m
2140 4416 2208 4470 me-

193 4476 256 4543 seb
303 4493 369 4540 nos
387 4472 455 4554 lex,
478 4475 556 4562 qrrie
577 4495 745 4564 nunquam
767 4471 835 4562 legi
849 4477 914 4544 Dei
937 4475 1174 4564 satisfecimus,
1225 4481 1289 4546 rito
1318 4480 1501 4548 desiderari
1528 4480 1711 4572 prudencie
1743 4483 1879 4549 inistis
1907 4481 2102 4568 potestqui
2130 4499 2210 4549 cen·

193 4561 288 4632 Siout
308 4561 414 4648 inquit
435 4558 572 4629 Paulus.
617 4561 800 4632 lenirem
823 4574 999 4647 operatur,
1026 4563 1175 4654 Chryso·
1225 4576 1323 4632 tonas
1334 4563 1413 4632 illos
1423 4569 1668 4635 sentencierum
1686 4577 1719 4635 et
1730 4569 1938 4635 decretorum
1951 4579 2211 4656 congesserunt,

192 4659 323 4716 atomus
333 4647 462 4734 quaerit
474 4648 516 4713 de
536 4649 757 4735 poenitencia,
780 4649 870 4716 vnde
881 4651 964 4716 certi
984 4651 1174 4731 reddemur,
1223 4651 1310 4718 Nam
1339 4671 1413 4719 cum
1435 4651 1554 4720 Patres
1583 4649 1669 4720 alias
1698 4654 1742 4720 de
1766 4651 1833 4721 alia
1854 4663 1949 4742 parte
1975 4653 2208 4741 poenitenciae

125 4790 127 4798 ,
191 4745 332 4822 peccata
361 4733 458 4800 nobie
483 4735 625 4804 morbae
653 4755 744 4804 esse.
790 4735 961 4812 Quaeram
987 4738 1076 4803 etin
1097 4755 1173 4804 sen·
1223 4733 1420 4826 loquantur,
1443 4758 1511 4806 non
1532 4751 1659 4808 tentum
1680 4739 1723 4806 de
1743 4761 1811 4808 vna
1830 4753 1943 4826 parte,
1969 4741 2031 4808 sed
2053 4741 2095 4806 de
2117 4749 2209 4806 vtra-

1224 4845 1310 4912 qne,
1332 4822 1399 4892 hoe
1420 4839 1492 4907 est,
1515 4825 1559 4894 de
1580 4825 1789 4894 contricione
1810 4837 1845 4895 et
1863 4826 1948 4910 lide,
1968 4845 2153 4913 excerpere
2174 4835 2209 4892 et

192 4901 398 4926 m
452 4893 591 4930 :-·‡,=

1222 4989 1429 5010 m

192 5021 578 5096 etimnanamno
657 5075 661 5083 .
719 5068 765 5080 .,
829 5055 835 5080 .-
891 5075 894 5082 ,
1023 5064 1026 5076 ,

192 5109 686 5178 'flammini-Cernen
834 5134 849 5167 κ
1223 5115 1711 5186 humanandum

190 5196 744 5280 m.he‚nhealld.'hrbeflhn..t·
974 5207 976 5212 “
1030 5245 1033 5252 .
1100 5216 1104 5245 ι
1210 5201 1693 5275 {animumanimum
