4894 5672
232 327 298 396 dli
581 323 621 392 ll.
662 321 895 390 ammeta
917 319 1239 402 COMSSlsslffi
1259 319 1575 391 annueram.
1618 321 1662 393 a.
1707 321 1899 393 munna
2185 324 2251 394 018
2284 317 2287 322 ’
2377 427 2380 434 Ι

233 512 604 599 madentoumtieras
625 508 895 596 Fhilmophion'e,
916 528 1131 596 quas1neque
1146 527 1211 660 po
1262 509 1428 578 dmm-s
1452 505 1654 595 nusugutj,
1672 509 1715 574 iu
1737 508 2250 611 tide'‚iu.certam'nihrs-'iidei,

233 597 353 686 pules,
385 617 495 686 nsque
515 598 581 684 ipsi
601 599 657 684 qai
684 609 875 682 proponant
902 591 1102 682 intelligunt.
1174 614 1221 678 oy
1261 598 1396 662 suntin
1415 595 1490 660 istis
1511 595 1728 673 numerandi,
1755 614 1844 680 quos
1865 593 1988 664 Daniel
2008 598 2172 664 describit
2192 620 2260 666 coe

233 698 361 752 smenm
406 686 540 751 risum
566 679 831 768 tolerabiliores,
861 678 971 767 legun
994 683 1134 757 comat,
1168 680 1211 746 de
1260 680 1332 748 lere
1354 681 1465 748 Deum
1483 697 1580 746 suom
1600 687 1941 766 aure,'etargentc.=
2021 714 2025 723 ι
2136 691 2160 744 .’

233 771 364 836 iusticia
419 771 472 834 dei
504 765 585 834 nihil
610 768 735 835 dieunt.
779 765 976 853 Admrsarij
1004 768 1038 831 iu
1060 762 1223 850 confirm-¹
1348 763 1426 832 Allo
1494 762 1780 850 tetexllpistcla
1801 766 1845 831 ad
1864 765 2007 834 Ehreos.
2035 768 2251 834 Omnisl’on·

234 857 332 922 oasa
351 855 453 920 rohas
486 854 679 940 tragoedias
708 865 812 939 agnat
838 853 881 917 da
902 849 1109 918 desolatione
1129 861 1209 918 tem·
1261 849 1344 918 tiles
1364 872 1407 916 ex
1452 850 1617 924 ominibus
1634 861 1851 934 assumptus,
1873 872 1935 936 pro
1958 851 2149 920 horninihui
2172 873 2252 921 con·

232 939 382 1094 dnh
401 940 495 1091 tt}
511 937 802 1092 poppam.
823 935 1211 1088 *titiam
1261 935 1745 1088 ffii.¹¹¹⁸..‘'⁰²⁰a⁸.ii
1766 935 2146 1092 ”iffi-miii
2163 940 2253 1092 Ἓξ

232 1045 618 1178 natamu'Eccleeiarum.
649 1089 653 1096 ¹
683 1045 935 1196 Lon‘gllgaliam
968 1105 1210 1173 desolationem
1261 1111 1295 1174 in
1323 1127 1413 1174 nouo
1440 1041 1640 1174 testlmsn'tl)
1669 1107 1740 1172 sint
1765 1103 1950 1173 Pontifices
1979 1121 2013 1175 et
2035 1071 2253 1194 Sacerdotes,

232 1193 558 1348 llffiffimlmel’
583 1193 744 1346 videlice:¹
758 1194 1001 1344 implorationem
1021 1187 1209 1340 llmngplij.
1262 1195 1413 1344 quuptur
1434 1190 1582 1340 quoglsit
1598 1189 2076 1342 etsacrificiupsalgqacdpro
2088 1197 2261 1300 peccatim

233 1283 1210 1452 ..amatistes‚ittnh'iii‘ttttt
1263 1299 1338 1430 ..i
1360 1295 1831 1468 ht,0t..”¹ttstd⁰”t
1856 1289 2253 1432 tittttst‘ttttt

232 1451 690 1540 plectisummemdcotrime
700 1449 919 1516 Christianae.
953 1447 1036 1523 Quis
1055 1447 1211 1514 euimrn·
1263 1461 1451 1516 testamenti
1480 1445 1659 1512 cilunditur
1685 1465 1750 1513 ocu
1766 1447 1807 1512 is.
1858 1447 1953 1514 Haec
1980 1449 2158 1522 similitudo
2196 1453 2254 1518 de-

232 1559 333 1624 qaan
354 1539 398 1604 de
423 1537 551 1623 populo
577 1535 743 1603 intellexit
773 1535 957 1602 domnnam
976 1534 1020 1600 de
1041 1534 1210 1618 poenten-
1263 1536 1342 1620 cipit
1374 1533 1563 1620 imperitos,
1599 1547 1634 1598 rt
1663 1532 1810 1598 iudicent
1842 1547 2001 1618 oportere
2036 1537 2079 1602 ad
2110 1539 2253 1604 eundem

233 1627 302 1703 cia,
354 1641 431 1690 nam
453 1625 638 1706 aduersarii
666 1619 894 1688 candeant
936 1617 980 1685 Et
1007 1619 1062 1686 hic
1076 1620 1212 1704 praeci
1261 1621 1397 1688 modom
1418 1618 1507 1705 apud
1529 1637 1593 1685 nos
1616 1618 1761 1684 existere
1790 1616 1929 1704 aliquod
1951 1620 2177 1688 ceremoniale
2199 1643 2254 1689 sa·

233 1729 320 1794 psas
385 1727 447 1774 eus
475 1719 528 1774 est
553 1708 726 1774 docminae
749 1706 980 1783 Christianae,
1003 1707 1212 1770 vexabantur
1263 1705 1424 1784 orificium
1449 1701 1682 1790 applicandum
1732 1723 1770 1768 ro
1794 1705 1942 1789 peccatis
1969 1701 2131 1790 aliorum,
2161 1707 2251 1776 sicut

233 1795 467 1860 muscose·
498 1793 747 1860 commetiens
784 1789 981 1857 danaorum
1013 1802 1048 1855 et
1078 1785 1211 1854 soon-
1262 1794 1296 1858 in
1326 1791 1430 1858 veteri
1457 1799 1670 1856 testamento.
1749 1809 1834 1874 eque
1863 1785 1954 1854 uliud
1979 1803 2034 1857 est
2060 1787 2117 1856 ille
2139 1791 2251 1863 cultus

233 1881 427 1946 ottonibus.¹
456 1877 512 1944 De
533 1877 612 1956 ilde,
631 1899 699 1964 qua
718 1878 824 1963 gratis
843 1876 1077 1962 consequimur
1097 1875 1212 1941 remo·
1263 1875 1459 1955 Missarmn,
1479 1885 1513 1942 et
1534 1871 1664 1959 reliqua
1685 1872 1801 1966 politio
1822 1873 1954 1960 Papae,
1978 1898 2077 1964 quam
2099 1875 2254 1951 Leuitica
2377 1911 2387 1928 .

233 1966 363 2032 siccem
383 1973 609 2049 peccatorum,
630 1961 725 2030 nulia
746 1981 886 2047 prorsus
910 1959 1011 2030 tiebat
1031 1962 1076 2027 ah
1094 1962 1212 2026 aduer-
1263 1959 1376 2048 politia
1396 1957 1485 2026 male
1506 1955 1690 2026 intellecta.
1707 1961 1761 2038 79)

232 2050 333 2132 sarijs
353 2051 493 2128 mencio,
515 2050 558 2114 de
581 2049 749 2130 mansis
776 2047 855 2114 iidei
883 2044 1039 2112 luctantis
1060 2066 1137 2112 cnm
1158 2045 1213 2111 de·
1263 2106 1267 2115 ,
1326 2045 1393 2132 ‚Et
1419 2065 1494 2110 oum
1516 2043 1690 2110 sentencia
1715 2057 1833 2110 nostra
1848 2044 1985 2112 haheat
2005 2051 2188 2134 praecipua
2207 2061 2254 2116 te-

153 2141 157 2148 ’
234 2135 439 2220 speratione,
461 2136 504 2200 dc
525 2135 669 2220 gratuita
691 2133 890 2198 remissione
907 2142 1123 2216 poeoniorum
1134 2149 1211 2215 prc-
1263 2133 1418 2199 stimonia
1446 2131 1480 2196 in
1507 2125 1661 2196 Elateia
1687 2127 1902 2211 adEbrcoa,
1930 2141 2041 2198 tamen
2062 2134 2251 2221 aduersarij
2310 2195 2313 2201 .

232 2233 308 2307 pter
319 2219 489 2286 Christum
509 2239 628 2286 omues
648 2215 735 2298 libri,
757 2237 873 2284 omnes
897 2218 1078 2283 conciones
1094 2218 1212 2282 aduer-
1263 2216 1361 2286 locos
1384 2238 1427 2286 ex
1456 2151 1685 2300 thelphon
1707 2227 1884 2282 truncatos
1914 2228 2034 2284 contra
2056 2239 2121 2283 uos
2145 2201 2253 2288 ‹letor-

234 2307 400 2375 meorum
418 2316 529 2372 mutae
550 2313 656 2382 erant.
692 2305 746 2370 Ad
767 2303 853 2370 haec
874 2304 1019 2369 aooeasit
1041 2299 1212 2371 horribilis
1263 2314 1383 2392 quent,
1406 2314 1444 2368 vt
1470 2301 1504 2368 in
1526 2299 1594 2368 hoc
1615 2299 1689 2385 ipsc
1714 2297 1812 2380 loco,
1834 2301 1891 2368 rbi
1913 2301 2034 2369 dicitur
2054 2301 2253 2384 Pontificem

256 2390 458 2476 rophanecic
487 2389 683 2468 Missurum,
716 2399 749 2456 ct
775 2385 832 2473 aiij
861 2384 954 2452 multi
983 2387 1074 2472 impij
1102 2384 1213 2452 cultus
1266 2387 1441 2466 constitui,
1474 2398 1511 2452 vt
1543 2383 1659 2452 offerat
1691 2383 1857 2452 sacrificia
1878 2409 1939 2476 pro
1961 2389 2132 2476 peccatis,
2165 2389 2262 2458 Seri.

229 2413 431 2626 thgripplis.
475 2476 569 2540 llaec
591 2486 643 2539 est
664 2456 850 2552 desolatio,
882 2491 982 2557 quam
1003 2469 1126 2538 Daniel
1157 2471 1213 2538 de·
1264 2488 1380 2626 plmrlpa
1402 2473 1625 2622 ipseoepltggp:
1635 2471 1816 2625 (1θαὶῑὲξίἰὲιῦ
1833 2469 2023 2624 Christrhmt·
2041 2471 2253 2625 l’lontificpm.

417 2603 420 2610 Δ
1318 2581 1337 2623 r
1414 2578 1472 2625 rae
1818 2579 2138 2625 osacerccou
2244 2606 2254 2634 ,

233 2581 303 2631 son
320 2643 469 2720 Εοοιιιη
485 2641 562 2720 ‚Dei
588 2641 751 2713 beneflcio
780 2642 868 2728 apud
893 2662 957 2710 nos
985 2643 1136 2709 seruiunt
1155 2643 1214 2708 mi·
1265 2579 1498 2732 etesignillcant
1515 2639 1698 2708 Leuiticum
1711 2639 1945 2712 Pontificatum
1956 2581 2062 2711 ruilus
2074 2581 2251 2734 slaglulls

232 2731 374 2800 nisterio
403 2731 498 2796 verbi
525 2730 741 2808 scerdotes,
774 2729 898 2795 docent
924 2725 1145 2816 Euangelium
1171 2725 1215 2792 de
1264 2727 1484 2797 Pontificatua
1512 2722 1648 2792 Christi.
1707 2725 1793 2794 Na'm
1826 2727 1991 2794 sacrificia
2012 2729 2162 2796 Leuitica
2189 2751 2252 2816 pro

232 2813 409 2901 heneficijs
431 2814 575 2896 Christi,
603 2815 784 2880 ostendunt
804 2813 1033 2882 remissionem
1104 2823 1215 2880 ccam·
1265 2814 1432 2901 peccatis,
1460 2832 1530 2880 non
1551 2813 1767 2879 merebantur
1788 2813 2019 2886 remissionem
2064 2825 2253 2882 secutorum

232 2907 306 2978 rum
327 2901 651 2988 scatiscentingere
670 2908 807 2985 propter
829 2893 1007 2966 Christum.
1094 2919 1135 2967 ec
1155 2897 1214 2964 do·
1266 2921 1380 2968 coram
1400 2898 1497 2978 Deo,
1525 2907 1654 2964 tantum
1681 2909 1776 2966 erant
1797 2898 1908 2986 imago
1935 2919 1996 2988 sac
2015 2901 2024 2920 ⁰
2051 2901 2092 2984 cij
2117 2897 2253 2984 Christi,

234 2989 343 3054 ctrina
383 2985 481 3054 affert
521 2985 649 3052 minam
689 2981 952 3051 consolationem
986 2984 1213 3070 conscientiis·
1266 2986 1468 3075 quodvnum
1490 2979 1637 3050 futurum
1656 2995 1728 3050 erat
1743 2983 2013 3072 propiciatorium
2031 2985 2249 3068 sacrificium,

232 3072 378 3142 Additur
410 3083 446 3138 et
477 3072 629 3138 doctrina
655 3073 818 3139 honorum
844 3090 982 3156 operum
1009 3090 1097 3156 quae
1118 3066 1235 3136 nem*
1266 3084 1422 3156 utsupra
1444 3069 1598 3136 diximus.
1641 3067 1755 3154 ltaque
1777 3067 1930 3154 Epistola
1951 3093 2072 3221 mapsa
2090 3091 2134 3138 ex
2156 3082 2253 3156 parte
2342 3133 2345 3139 Α

233 3156 406 3246 praecipit.
455 3155 588 3222 Dicitur
620 3156 662 3221 de
694 3155 855 3242 dignitate
880 3165 985 3240 atqua
1006 3175 1070 3228 ssu
1101 3175 1214 3221 sacra-
1257 3157 1476 3224 ‹ooneumitur
1497 3155 1531 3220 in
1552 3151 1619 3220 hoc
1647 3151 1742 3234 loco,
1775 3155 1865 3242 quod
1891 3168 1989 3224 vetus
2047 3155 2253 3240 notificatus,

183 3285 188 3304 ,
233 3254 428 3310 mentorum.
483 3238 582 3316 Quod
607 3241 638 3308 si
669 3242 749 3328 iuge
780 3239 979 3307 morilicium
1008 3251 1101 3308 esset
1131 3259 1215 3306 rsus
1267 3257 1300 3310 et
1333 3255 1449 3309 vetera
1470 3235 1638 3305 sacrificia
1668 3259 1736 3304 uon
1765 3237 1888 3307 luerint
1913 3242 1956 3311 ad
1977 3244 2062 3309 haec
2076 3244 2130 3324 ⁸⁰)
2160 3242 2253 3311 insti-

211 3319 571 3408 'eacrsrnanthtamen
592 3347 657 3394 nos
675 3328 781 3413 mame
799 3328 1027 3405 retineremus,
1048 3345 1147 3411 quam
1157 3325 1215 3391 ad·
1265 3340 1348 3408 tuta,
1364 3337 1406 3396 ,rt
1425 3335 1632 3391 mererenmr
1649 3325 1883 3392 remissionem
1905 3339 2120 3416 peccatorum
2138 3347 2252 3396 coram
2331 3357 2336 3366 ·

234 3414 377 3500 ucrssdj
385 3453 400 3492 ,1
424 3413 505 3499 quia
525 3413 615 3498 apud
635 3410 715 3480 illos
742 3411 938 3480 secerdotes
960 3411 1117 3478 mercede
1139 3412 1215 3478 con
1266 3414 1355 3493 Deo,
1381 3431 1444 3478 seu
1465 3407 1787 3491 reconciliationem,
1820 3413 1883 3477 sed
1906 3424 2032 3478 tanmrn
2059 3413 2103 3480 ad
2126 3413 2156 3479 si
2203 3415 2251 3480 iii·

236 3501 328 3568 ducti
355 3510 492 3565 utuntur
520 3510 742 3576 sacramento.
795 3497 897 3582 Apud
922 3516 987 3564 uos
1009 3498 1161 3564 crshn'or
1182 3507 1217 3562 et
1266 3498 1409 3566 candum
1429 3495 1576 3563 futurum
1597 3494 1817 3576 sacrificium,
1840 3497 1939 3564 unlus
1959 3495 2097 3566 Christi.
2200 3520 2252 3564 or·

234 3580 425 3666 religiosior
457 3601 539 3646 rsus
571 3596 636 3649 est.
691 3583 777 3650 Nam
813 3581 959 3670 populus
991 3584 1110 3664 utitur,
1154 3583 1216 3650 sed
1266 3587 1329 3653 tuit
1356 3584 1443 3652 enim
1472 3591 1612 3648 sanctos
1644 3582 1680 3647 in
1710 3584 1817 3648 reteri
1849 3596 2052 3655 testamento
2079 3585 2158 3653 iusti
2181 3585 2252 3654 ceri

257 3667 328 3735 rius
348 3666 535 3745 institutus,
560 3679 661 3753 atque
689 3665 892 3751 exploratus.
935 3666 1216 3736 Ducenturenim
1267 3671 1351 3749 ilde,
1382 3687 1425 3734 ex
1445 3668 1670 3754 promissione
1691 3669 1898 3736 remissionis
1926 3681 2160 3754 peccatorum,
2194 3671 2252 3736 dc-

234 3689 388 3818 lomines
409 3751 452 3816 de
473 3769 555 3818 vero
576 3773 641 3818 vsu
661 3754 879 3832 sacramenti,
899 3755 988 3838 qaod
1010 3755 1054 3819 ad
1076 3751 1143 3820 hoc
1165 3756 1215 3818 in·
1266 3755 1398 3824 nandae
1424 3773 1485 3838 pro
1509 3763 1560 3819 ter
1587 3752 1775 3833 Christum,
1804 3755 1892 3820 sieut
1915 3765 1947 3819 et
1973 3753 2081 3821 saneti
2106 3755 2140 3820 in
2161 3775 2251 3822 nouo

235 3840 384 3904 stitutum
415 3835 480 3916 sit,
513 3847 550 3901 vt
581 3837 626 3902 sit
653 3833 814 3922 sigillum,
840 3846 874 3902 et
899 3837 1122 3904 testimouium
1143 3859 1216 3924 gre·
1267 3851 1466 3907 testamento
1486 3776 1721 3904 laetificantur.
1764 3838 1891 3904 Omnes
1921 3851 2059 3906 sanctos
2087 3841 2131 3904 eh
2157 3841 2258 3907 initio·

236 3925 341 3992 tuitae
361 3921 568 3990 remissionis
589 3933 815 4006 peccatorum.
848 3921 995 4008 ideoque
1017 3923 1139 3988 dehent
1158 3943 1216 4007 pa·
1267 3925 1381 3991 muundl
1407 3925 1531 3990 sentire
1560 3923 1722 4006 oportuit,
1755 3920 1898 3989 hostiam
1925 3935 1960 3989 et
1988 3921 2251 3992 satisfactionem

234 4009 332 4076 uides
361 4007 586 4074 conscientias
616 4009 814 4087 admonere,
840 4018 879 4073 vt
904 4026 985 4074 vere
1012 4017 1161 4072 statuant
1183 4019 1223 4072 et
1267 4009 1341 4077 iore
1372 4033 1435 4098 pro
1462 4015 1621 4094 peccato,
1654 4004 1824 4074 Christum
1857 4010 1913 4094 qui
1946 4010 2132 4095 promissus
2166 4023 2250 4091 erat,

236 4094 376 4161 credant
409 4075 474 4158 sint
506 4095 611 4179 gratis
638 4091 761 4160 remitti
790 4103 943 4178 peccata.
998 4091 1082 4158 Cum
1115 4093 1216 4180 igitur
1268 4099 1355 4165 sicut
1388 4095 1508 4160 Esaitm
1541 4091 1641 4156 docet
1675 4087 1758 4176 Gap.
1783 4091 1843 4176 iiij.
1895 4091 1980 4162 Cum
2005 4097 2157 4182 posuerit
2182 4097 2251 4163 anl-
2379 4105 2381 4110 “

236 4191 270 4245 et
289 4177 568 4264 praedicationem
590 4176 764 4266 Euangelij
787 4189 821 4244 et
839 4175 1021 4267 legitimum
1044 4197 1142 4244 rsum
1162 4199 1217 4246 se·
1268 4204 1354 4249 mam
1382 4199 1477 4246 suam
1505 4175 1650 4242 hostiam
1677 4197 1741 4264 pro
1762 4189 1903 4262 peccato
1922 4191 1986 4247 etc.
2036 4179 2119 4247 Cum
2148 4180 2252 4270 igitur

237 4275 480 4330 crementorum
502 4265 714 4345 retineamus,
736 4276 847 4330 manet
867 4266 957 4350 apud
976 4283 1041 4331 nos
1063 4266 1141 4351 iuge
1162 4283 1217 4330 aa·
1268 4269 1302 4333 in
1322 4267 1428 4332 veteri
1454 4273 1656 4330 testamento
1679 4264 1846 4331 sacrificia
1873 4285 1943 4332 non
1973 4275 2179 4336 mererentur
2199 4287 2250 4334 re·

130 4359 136 4368 ’
236 4346 407 4416 orificium.
456 4346 498 4414 llt
526 4351 622 4416 side
646 4362 784 4418 externa
811 4352 927 4438 specie
954 4350 1217 4432 dicendumest,
1269 4349 1554 4429 conciliationem,
1592 4347 1658 4413 nisi
1689 4347 1900 4418 similitudine
1933 4352 2088 4438 quadam.
2143 4351 2252 4419 idere·

235 4432 423 4522 irequmtia
457 4434 492 4498 in
520 4433 650 4521 templis
677 4436 767 4523 apud
794 4455 859 4502 nos
876 4438 992 4502 maior
1013 4447 1085 4517 est,
1118 4456 1218 4523 quam
1267 4441 1390 4504 bantur
1415 4437 1502 4503 enim
1523 4431 1828 4503 reconciliationem
1851 4433 2037 4522 politicam,
2067 4439 2129 4506 sed
2150 4439 2251 4526 signi·
2337 4459 2340 4464 ·

235 4518 326 4605 apud
354 4519 581 4586 aduersarios.
629 4520 798 4588 Tenentur
826 4523 913 4588 euim
939 4523 1105 4590 auditoria
1131 4521 1218 4588 volt·
1268 4524 1408 4590 licerent
1445 4533 1621 4588 venturum
1660 4520 1882 4602 sacrificium,
1922 4523 2080 4612 Sepultus
2117 4525 2251 4590 unicum

236 4607 303 4673 hus
324 4616 358 4672 ct
377 4605 565 4690 perspicuis
588 4607 818 4680 concionibus.
862 4606 988 4673 Verum
1009 4609 1219 4675 aduersario·
1268 4629 1347 4677 esse
1378 4608 1578 4675 sacrificium
1612 4603 1753 4686 Christi,
1781 4629 1801 4673 a
1825 4606 1982 4692 plicatum
2015 4629 2077 4694 pro
2109 4606 2249 4676 ullorum

237 4711 311 4758 rum
333 4689 517 4758 confinem
537 4711 706 4778 nunquam
725 4710 836 4777 neque
856 4689 1013 4780 populus,
1033 4713 1142 4779 neque
1160 4693 1218 4759 dc-
1268 4695 1427 4782 peccatis.
1480 4689 1615 4760 Nullum
1647 4691 1748 4778 igitur
1774 4629 1937 4781 aliquam
1959 4707 2012 4761 est
2032 4697 2066 4761 in
2088 4713 2179 4761 nouo
2198 4695 2256 4760 ts·

238 4785 350 4843 ctores
378 4771 622 4845 intellexerunt.
672 4773 716 4844 Et
742 4797 842 4843 verus
869 4789 1008 4846 ornatus
1029 4791 1082 4846 est
1101 4777 1218 4846 Eccle-
1269 4793 1436 4848 stamentc
1473 4777 1672 4846 sacrificium
1710 4776 1949 4930 ffiimdum
1993 4801 2059 4886 pro
2096 4781 2246 4868 peccatis

239 4861 549 4956 siarum,doct1ina
572 4864 635 4952 pia,
657 4861 812 4944 scilieet
830 4865 1021 4952 perspicua,
1040 4884 1123 4930 rsus
1164 4867 1216 4932 ius
1269 4866 1421 4948 aliorum,
1441 4875 1574 4953 praeter
1593 4883 1694 4930 mom

239 4959 533 5030 sacramentorum,
554 4950 659 5014 oratio
676 4949 812 5030 ardeus,
829 4945 1002 5016 essentis.
1035 4950 1129 5016 eund
1163 4972 1217 5032 ae,
1457 4987 1461 4996 =
1589 4975 1593 4984 ·

207 5105 213 5116 .
240 5050 324 5100 Μ
351 5051 465 5138 Μὶν
497 5046 532 5101 0⁸
563 5031 690 5100 similes
718 5045 875 5142 ΜΨ,
903 5036 1042 5116 decent,
1065 5038 1128 5142 ‚¹⁰⁶
1148 5057 1219 5104 ¹¹⁰⁰
1268 5074 1315 5141 n)
1332 5074 1451 5124 cenea
1475 5073 1569 5137 psum
1593 5072 1663 5123 mus
1686 5071 1840 5138 anetina]
1869 5072 1951 5124 nuta.
1979 5071 2070 5126 s-u.
2101 5069 2254 5135 mustra

240 5129 319 5186 snut
345 5137 500 5203 propnns
527 5131 667 5187 ornatus
694 5117 880 5187 Ecclesrae.
924 5120 1024 5196 Quod
1045 5141 1076 5186 er
1098 5121 1217 5189 aduer-
1336 5143 1469 5194 naumss
1486 5141 1595 5206 poliens
1611 5142 1679 5192 mus
1694 5141 1854 5196 tornacus.

241 5202 323 5288 sartj
341 5205 375 5268 tn
392 5201 515 5271 teitus
532 5207 634 5272 retum
656 5203 826 5320 collocant
841 5203 964 5289 misas,
984 5227 1054 5274 ocu
1070 5208 1104 5274 ln
1121 5227 1218 5294 pras-
1269 5227 1316 5294 ω)
1334 5227 1410 5294 use]
1428 5225 1512 5279 nota.
1531 5225 1620 5280 s-s2
1637 5225 1690 5278 uos

1797 4867 1840 4930 sti
1854 4865 2058 4958 'sacdficrum
2075 4867 2110 4932 in
2132 4879 2257 4934 cruce.¹

1413 5583 1551 5642 1—ss
