4894 5672
246 295 315 374 nt
598 303 639 372 n
683 299 917 372 aeonoots
937 297 1261 372 mmmmm
1279 299 1598 372 aooosrnsaa
1641 301 1683 368 u.
1725 299 1919 370 seruas
2198 303 2268 372 sec

249 493 602 573 adeum-umam,
623 489 693 570 aiut,
713 501 750 556 vt
771 488 1120 580 maxineintsliigsnt,
1140 491 1232 579 quot
1283 487 1407 571 edm,
1440 491 1532 558 sicut
1554 489 1778 558 honorificant
1806 487 1950 558 Pa'trdm.
2002 489 2048 558 Et
2073 487 2202 558 ras·
2222 493 2266 568 .l.

248 577 350 646 Μ-
369 579 650 664 sampprohet.
694 575 809 650 Quare
836 578 1021 666 musam
1043 598 1111 646 aon
1133 579 1232 644 debe·
1283 574 1519 661 lhessalo.i1'.
1555 597 1657 644 crans
1689 577 1812 666 inquit,
1851 581 1927 662 ipss
1957 587 2069 643 astu
2101 575 2266 646 Dominus

248 666 331 731 bant
352 684 417 730 nos
438 663 481 730 sd
504 683 574 728 rem
591 665 751 729 incertam
774 682 909 750 cogere,
932 665 1008 749 quia
1030 665 1138 731 oratic
1160 665 1234 730 sine
1282 673 1401 728 noster
1420 662 1514 728 lesus
1537 659 1693 730 Christus
1715 671 1753 730 st·
1768 660 1877 742 Deo,
1896 673 1931 728 et
1945 672 2265 750 patescentem·

248 749 405 816 suesco
428 759 480 814 est
501 750 619 814 omno
661 747 747 814 iiam
774 749 865 834 quod
885 745 1035 835 allegant
1057 747 1233 816 Ecclesiae
1283 748 1436 814 hortetur
1456 751 1571 820 ‚eorda
1599 755 1732 828 vestm,
1763 757 1798 814 ct
1821 747 1998 814 coniirmet
2022 767 2089 814 ‘vos
2110 761 2177 815 stc
2218 751 2267 816 At

209 906 213 915 „
248 833 449 922 esempbtm,
470 844 604 899 cenent
625 853 747 900 nouum
770 833 861 900 hune
881 835 916 900 in
932 833 1087 900 Ecclesia
1107 855 1232 902 moreat
1282 835 1326 900 de
1347 845 1539 901 sanctorum
1561 827 1772 901 inuocatione
1797 835 1888 920 quod
1915 843 2059 920 possum
2079 835 2265 920 aduersard
2401 893 2413 908 ,

250 941 345 994 esse,
376 921 462 986 Nam
496 931 631 985 meres
652 922 821 986 orationes
849 919 913 985 etsi
935 922 1135 987 mentionem
1155 939 1232 987 san·
1282 931 1510 1005 messapiam,
1533 922 1623 1006 quod
1644 919 1830 1006 exemplum
1854 939 1897 986 ax
1916 921 2101 1007 scripturis
2122 920 2267 988 adorei

249 1017 379 1074 ciorum
390 1005 528 1083 indunt,
549 1024 619 1071 non
635 1013 745 1070 tanmn
761 1007 1090 1072 inuocantScuotos.
1123 1006 1233 1080 Quan-
1282 1003 1438 1072 Alternm
1471 1016 1524 1071 est
1554 1003 1589 1070 in
1621 1007 1862 1091 propiciatore‚
1900 1006 1990 1092 quod
2023 1007 2139 1074 merita
2159 1009 2265 1092 ipsius

246 1089 856 1264 timidissimis
875 1094 907 1156 ³¹¹
929 1090 1105 1171 '³⁰⁰¹“l'
1136 1092 1233 1158 Μ
1283 1093 1562 1265 listins?
1581 1095 1801 1263 ,titis
1818 1087 2267 1264 ἨᾞἭ

258 1291 260 1298 ’
334 1261 464 1329 Deinde
489 1261 673 1350 aduersarij
702 1283 769 1329 non
800 1259 911 1329 solum
932 1263 1176 1328 lanceationem
1197 1263 1231 1328 in
1284 1275 1440 1348 tanquam
1471 1265 1617 1350 proptijs
1649 1263 1775 1329 metes
1806 1263 1885 1330 insti
1917 1221 2130 1350 rdpmentur,
2168 1275 2205 1330 rt
2233 1266 2265 1332 sl

247 1348 555 1416 cuitusauctorum
576 1351 759 1435 requirunt,
781 1349 842 1412 sed
864 1349 962 1414 etism
980 1345 1147 1434 applicant
1165 1367 1230 1414 me·
1305 1349 1357 1414 uis
1379 1347 1507 1417 anticus
1529 1369 1591 1434 pro
1613 1349 1720 1414 amico
1742 1346 1845 1415 soluit
1863 1369 1927 1414 aes
1948 1345 2112 1428 alimum
2135 1349 2266 1418 debitor

247 1437 312 1501 rita
333 1446 523 1501 sanctornm
545 1453 609 1518 pro
630 1431 720 1517 siijs,
743 1447 776 1499 et
797 1430 924 1500 iaciunt
942 1453 982 1499 ex
1012 1435 1141 1500 munds
1164 1453 1230 1498 non
1280 1454 1302 1499 a
1315 1435 1391 1498 ieno
1424 1435 1541 1498 merito
1568 1445 1724 1520 unquam
1757 1435 1893 1522 proprio
1925 1431 2097 1500 liberatur.
2112 1437 2166 1514 Μ’)
2213 1433 2265 1501 ita

248 1519 358 1588 solum
388 1521 645 1604 deprecaiores,
675 1522 737 1585 sed
767 1522 866 1585 etism
894 1520 1148 1606 popinarum.
1194 1519 1230 1583 id
1283 1518 1408 1584 Christi
1433 1520 1550 1584 merita
1576 1521 1675 1586 nobis
1701 1520 1883 1600 donatur,
1909 1532 1949 1584 vt
1972 1521 2055 1586 iusti
2073 1531 2265 1606 reputemur

246 1604 343 1674 nulio
363 1607 463 1672 modo
486 1603 658 1672 ferendum
680 1617 742 1671 est·
775 1606 862 1671 Nam
884 1603 939 1670 hio
959 1625 1101 1690 prorsus
1122 1615 1230 1674 trans·
1279 1605 1404 1670 iidttcia
1432 1606 1623 1672 meritorum
1651 1603 1792 1687 Christi,
1824 1625 1900 1672 cum
1926 1607 1961 1671 in
1989 1625 2063 1672 enm
2085 1607 2265 1688 medinm,

246 1689 351 1758 imtur
371 1693 406 1756 in
427 1702 566 1756 sandes
582 1693 749 1777 >proprius
778 1690 889 1756 honor
911 1689 1046 1758 Christi.
1090 1690 1230 1758 Faciunt
1281 1701 1438 1776 unquam
1459 1692 1596 1776 propria
1617 1693 1733 1757 merita
1753 1692 1964 1758 bsbmemus.
2236 1750 2239 1762 .

247 1778 333 1844 enim
366 1795 428 1842 eos
461 1776 682 1858 mediatores,
715 1789 749 1842 et
780 1778 1038 1862 propiciatores,
1071 1787 1106 1842 ei
1125 1795 1230 1863 qaan-
1253 1803 1259 1875 Ι
1369 1775 1412 1840 Et
1438 1796 1480 1841 ex
1502 1789 1661 1862 viroque,
1683 1795 1801 1862 nempe
1822 1797 1865 1842 ca
1885 1777 2128 1861 promissione,
2149 1787 2186 1844 et
2207 1779 2264 1845 dd·

247 1883 347 1950 quam
392 1863 598 1948 distinguunt
625 1863 667 1928 de
706 1864 944 1929 mediatoribus
978 1861 1258 1986 intercessionis!
1281 1862 1419 1928 nntons
1456 1863 1663 1940 meritorum,
1707 1865 1812 1928 oritur
1849 1860 1973 1929 fiducia
2003 1863 2264 1934 mheticord'm

246 1961 282 2015 et
307 1948 544 2016 mediatoribus
571 1948 826 2035 redemptionis,
851 1960 961 2014 mmeu
982 1945 1083 2034 plane
1103 1946 1231 2013 inmuni
1281 1945 1372 2012 'l'alia
1393 1947 1515 2012 iiduoia
1536 1948 1767 2032 promissionis
1796 1950 1940 2028 diuinae,
1961 1948 2043 2014 item
2074 1949 2265 2016 meritorum

248 2055 290 2101 ex
318 2035 445 2100 emotis
473 2033 674 2100 mediatores
700 2035 948 2118 redemptionis.
992 2033 1105 2119 Atque
1130 2035 1230 2098 etiarn
1282 2031 1405 2099 Christi
1428 2032 1528 2097 debet
1556 2031 1667 2098 ail‘erri
1689 2034 1732 2099 ad
1760 2035 1932 2100 orandam.
1976 2033 2067 2099 Vere
2088 2034 2176 2100 euim
2194 2045 2264 2108 sta·

245 2119 327 2188 iliud
359 2122 473 2185 dionnt
501 2121 573 2184 sine
600 2122 789 2186 testimonio
817 2121 1021 2210 scripturae,
1050 2120 1141 2208 quod
1163 2119 1231 2184 sint
1280 2130 1375 2184 tuere
1409 2117 1586 2196 dehemus,
1620 2130 1655 2184 et
1683 2120 1774 2205 qood
1803 2131 1941 2204 propter
1967 2116 2137 2186 Christum
2166 2141 2263 2186 esac-

245 2207 447 2272 mediatores
478 2207 747 2286 intercessionis,
776 2209 865 2292 quod
891 2218 927 2272 vt
947 2205 1232 2270 verecundissime
1252 2213 1257 2257 i
1280 2205 1419 2283 diamur,
1441 2214 1476 2269 et
1498 2204 1588 2290 quod
1610 2205 1716 2292 ipsius
1738 2205 1865 2272 meritis
1888 2205 2071 2271 babeam
2094 2203 2263 2290 pisostum

247 2293 395 2366 dieater,
422 2302 533 2358 tamea
561 2293 719 2369 obscuret
745 2289 893 2358 oliioinm
914 2289 1057 2376 Christi,
1085 2305 1118 2356 et
1147 2290 1230 2356 ttnu·
1279 2289 1424 2356 Patrem.
1477 2287 1541 2357 llic
1561 2291 1747 2377 aduersarii
1785 2291 1925 2376 primam
1957 2289 2072 2356 iubent
2104 2292 2264 2368 inuocare

244 2378 330 2444 nnn
358 2367 607 2443 misericordiae
635 2379 778 2445 debitam
812 2376 966 2454 Christo,
1003 2372 1163 2442 transfert
1196 2378 1230 2446 iu
1279 2388 1430 2454 sanans,
1454 2395 1528 2440 cnm
1551 2395 1659 2462 neque
1676 2377 1929 2463 promissionem
1947 2373 2024 2457 Dei,
2045 2395 2157 2461 neque
2173 2397 2263 2444 mm·

244 2474 393 2528 sanctos.
423 2463 567 2548 Fingont
590 2464 676 2528 enim
698 2463 848 2530 homines
871 2462 1039 2528 Christum
1062 2460 1229 2527 duriorem
1278 2464 1410 2540 datum,
1443 2481 1552 2547 neqm
1584 2460 1769 2548 exemplum
1804 2461 1996 2548 Scriptores
2021 2461 2178 2528 babeant.
2220 2461 2264 2530 Et

244 2565 339 2620 Μ,
373 2560 407 2612 et
426 2561 564 2613 sanctos
593 2545 845 2632 placabiliores,
873 2560 907 2613 et
928 2550 1035 2633 magis
1059 2546 1230 2612 conliduut
1279 2558 1388 2614 tamen
1416 2544 1561 2627 ladani,
1587 2558 1624 2613 vt
1645 2547 1749 2620 rosim
1771 2547 1893 2614 ilducia
1914 2549 2165 2615 misetiomdittc
2187 2567 2263 2618 sau·

243 2633 473 2700 misericordia
488 2637 541 2710 ²²)
564 2645 773 2713 sanatorum,
806 2653 904 2718 quant
930 2633 1159 2699 misericordia
1174 2636 1228 2713 ²²)
1279 2645 1409 2700 mum
1430 2634 1637 2716 concipiatur
1658 2654 1758 2719 quem
1779 2631 1915 2712 Christi,
1937 2651 2011 2700 orm
2034 2632 2191 2700 cunm
2217 2635 2263 2700 sd

244 2715 370 2786 Christi
396 2731 432 2784 ct
450 2717 630 2804 *fugientes
663 2719 850 2797 Christum,
884 2728 1048 2806 quaerunt
1078 2728 1226 2784 unctos.
1277 2737 1317 2784 se
1338 2719 1454 2784 renim
1473 2719 1620 2796 iusserit,
1641 2739 1709 2784 non
1730 2721 1775 2784 ad
1794 2729 1947 2788 satiatos.
1978 2715 2135 2786 Secundo
2157 2718 2263 2806 sppli-

243 2803 292 2872 lta
314 2801 440 2872 sedunt
455 2822 503 2870 cs
525 2805 575 2870 eis
605 2807 720 2891 reipsa
746 2806 947 2870 mediatores
979 2804 1226 2890 redemptionis.
1278 2804 1499 2870 minorita
1530 2808 1721 2872 senam
1747 2803 1844 2894 abis,
1863 2805 1959 2870 sicat
1985 2805 2103 2870 merita
2124 2801 2261 2875 cortes

183 2935 184 2942 .
330 2889 446 2977 ltaque
467 2891 701 2972 ostendemus,
729 2893 818 2978 quoti
840 2909 922 2957 vere
940 2887 1066 2958 iaciant
1088 2911 1129 2956 es
1152 2909 1227 2956 san·
1277 2889 1395 2956 iubent
1421 2889 1592 2958 coniidere
1619 2891 1746 2956 meritis
1769 2901 1980 2970 sanmomm,
2007 2891 2106 2978 quasi
2126 2901 2260 2978 repnte·

244 2977 310 3043 ctis
329 2995 399 3042 non
415 2988 542 3044 mum
559 2979 797 3062 deprecatores
814 2977 876 3045 sed
910 2975 1142 3064 rupiciutores,
1160 2975 1227 3042 hoo
1277 2997 1352 3042 mur
1371 2977 1448 3042 iusti
1469 2988 1609 3062 propter
1628 2978 1745 3042 merita
1766 2988 1978 3056 unctorum,
2004 2977 2093 3042 sidut
2113 2975 2192 3042 iusti
2209 2995 2263 3055 rs·

241 3063 860 3236 timiissistitis.
882 3062 1248 3232 sitnm}
1275 3061 1736 3234 millimihi·
1753 3059 2261 3232 ,dissime

242 3231 417 3319 loquimur.
442 3229 602 3319 *Reliqua
623 3237 720 3301 etism
743 3235 883 3320 imperiti
903 3235 1051 3300 iudicare
1072 3242 1224 3318 possunt.
1276 3231 1321 3298 Et
1352 3231 1488 3299 Gabriel
1522 3234 1689 3317 interpres
1744 3233 1863 3299 munis
1895 3229 2021 3298 Missae
2047 3191 2265 3303 cadmus?

242 3318 292 3384 ln·
308 3313 537 3406 ‘propiciatore
572 3319 661 3386 haec
700 3320 767 3386 duo
800 3330 1013 3387 conomunt.
1067 3319 1223 3397 Primum,
1275 3318 1491 3404 pronunciat,
1518 3337 1584 3382 nos
1607 3319 1722 3386 ordine
1743 3317 1892 3384 instituto
1911 3337 1935 3383 a
1955 3315 2050 3398 Deo,
2070 3318 2196 3384 debera
2216 3317 2261 3385 ad

242 3415 377 3492 oportet
396 3414 511 3471 extare
533 3409 673 3472 verbnm
694 3405 775 3486 Dei,
797 3425 839 3472 ex
861 3425 928 3493 quo
952 3415 1048 3474 certo
1067 3406 1225 3486 sommus,
1274 3401 1399 3471 auxilio
1429 3416 1623 3470 smotcrum
1657 3401 1852 3490 mingere,
1879 3414 1917 3468 vt
1947 3401 2119 3470 salum
2137 3423 2261 3470 eorum

242 3493 333 3580 qnod
361 3488 457 3558 licus
485 3488 565 3560 velit
592 3493 743 3560 misereri
779 3504 814 3558 ct
842 3493 1001 3560 exaudire
1027 3493 1224 3558 inuocantes
1275 3490 1401 3556 meritis
1430 3501 1464 3554 et
1496 3491 1610 3556 votis·
1640 3489 1733 3556 llaec
1767 3499 1847 3555 sunt
1872 3491 1978 3556 rerba
1997 3487 2185 3570 Gabrialis,
2214 3487 2261 3555 Et

241 3594 305 3661 per
336 3574 425 3640 buno
452 3579 720 3662 propiciatorem.
773 3576 866 3644 'l'siis
899 3586 989 3644 artat
1016 3579 1059 3644 de
1086 3575 1225 3643 Christo
1275 3593 1385 3642 moen
1408 3576 1533 3662 passim
1561 3575 1720 3642 inlibris
1749 3585 1782 3640 st
1811 3575 2030 3642 concionibus
2050 3577 2261 3645 momume-

241 3662 440 3748 promissio,
473 3660 638 3747 Quidquid
671 3665 833 3747 p'etieritis
861 3666 994 3730 Patrem
1025 3667 1060 3730 in
1092 3662 1224 3728 nomine
1275 3681 1347 3727 rum
1374 3657 1530 3749 leguntur
1559 3663 1767 3729 absurdiora.
1825 3660 1912 3736 Quid
1940 3672 1994 3726 cst
2015 3657 2130 3728 iacere
2150 3661 2260 3748 prepi

242 3763 329 3826 meo,
350 3747 445 3811 dabit
465 3747 575 3811 vobis.
606 3747 659 3812 De
681 3752 810 3813 sanctis
831 3748 923 3816 uuila
941 3761 1032 3814 estat
1050 3749 1130 3815 talis
1148 3768 1224 3832 pro·
1245 3833 1246 3836 Ἴ
1275 3748 1432 3827 ciatores,
1455 3746 1574 3816 sihoc
1593 3769 1662 3814 non
1684 3747 1765 3812 oste
1799 3745 1948 3813 Prorsus
1963 3760 2148 3832 mqumtur
2164 3746 2260 3814 Chri·

241 3834 377 3920 missio,
404 3849 507 3918 quare
529 3834 755 3898 conscientiae
780 3853 849 3899 non
874 3846 1017 3920 possunt
1039 3846 1132 3899 certo
1155 3845 1223 3901 sta*
1272 3843 1344 3912 sto,
1366 3835 1396 3898 si
1418 3833 1591 3899 confidere
1610 3835 1788 3910 debemus,
1807 3832 1899 3915 quod
1920 3833 2044 3896 metitis
2066 3851 2181 3898 eorum
2192 3829 2261 3896 sal-

242 3931 353 3998 tuere,
380 3919 470 4004 quod
495 3938 557 4004 per
584 3931 777 3993 sauotmom
796 3920 1040 3986 inuocationem
1070 3920 1222 3984 eraudia·
1273 3938 1400 3984 uemur.
1443 3917 1511 3984 Vbi
1538 3931 1648 3984 autem
1676 3919 1847 3984 inedium
1869 3929 1923 3983 est
1942 3913 2001 3982 tite
2022 3915 2107 3982 ordo
2127 3937 2148 3980 a
2171 3915 2259 3997 Dec,

240 4020 326 4072 utor.
371 4006 487 4090 itaque
507 4005 676 4070 inuocatio
697 4002 756 4071 illa
772 4023 839 4071 non
862 4005 898 4070 iit
919 4023 961 4069 es
983 4005 1059 4070 lide.
1091 4003 1223 4070 Deinde
1276 4023 1374 4088 qoem
1397 4003 1476 4068 dieit
1496 4005 1573 4082 iste,
1596 4003 1686 4090 quod
1708 4004 1890 4068 debeamus
1908 4002 1955 4067 ad
1981 3999 2104 4077 auxilia
2123 4015 2259 4070 sancto

240 4090 432 4158 mandatum
454 4089 555 4155 etiarn
577 4089 760 4170 habemns,
784 4103 820 4156 vt
839 4091 1033 4156 innodemus
1055 4090 1222 4155 Christum
1246 4157 1252 4171 ,
1273 4111 1345 4156 rum
1375 4087 1581 4174 confugere?
1636 4085 1765 4154 roserat
1789 4087 1980 4172 exemplum
2006 4107 2049 4153 ex
2070 4088 2258 4172 berhtaris,

241 4175 334 4242 iuxta
363 4171 462 4255 illud,
492 4173 613 4241 Venite
634 4177 677 4242 ad
706 4196 759 4243 me
785 4179 841 4263 qui
862 4175 1024 4242 laboratis
1046 4189 1110 4240 ete.
1133 4174 1223 4261 qood
1247 4175 1252 4183 '
1272 4186 1331 4241 aut
1351 4185 1577 4260 praeceptum.
1611 4109 1783 4240 gummis
1805 4193 1847 4240 ea
1869 4171 1954 4240 aulis
1972 4172 2103 4260 Regum
2124 4183 2259 4239 sornam

209 4333 216 4340 ,
243 4274 335 4328 certe
357 4263 456 4330 nobis
473 4280 606 4348 quoqne
626 4260 749 4330 dictum
768 4273 830 4328 est
864 4261 908 4328 Et
924 4263 1044 4328 Esaias
1061 4262 1223 4339 sirmii)
1273 4261 1363 4326 huno
1385 4259 1552 4337 ordinem,
1581 4261 1638 4326 rbi
1658 4260 1775 4326 amicis
1796 4261 2079 4340 intercessoribus
2100 4260 2257 4326 mudum

243 4345 279 4412 ln
302 4347 356 4413 die
386 4343 463 4427 illa,
496 4349 598 4413 stabii
626 4350 721 4414 radix
746 4349 855 4430 iesse,
876 4350 911 4414 in
933 4349 960 4413 si
1009 4367 1064 4413 um
1086 4343 1223 4432 populo
1245 4348 1250 4428 i
1273 4361 1337 4414 est.
1380 4347 1427 4412 At
1451 4347 1483 4410 si
1506 4343 1579 4410 ilex
1599 4345 1810 4414 constituerit
1838 4357 1963 4411 eertum
1986 4346 2257 4426 intercessorem,

241 4453 334 4511 rom,
364 4434 474 4520 ipsum
495 4444 614 4520 gentes
643 4435 920 4518 deprecabuntur.
964 4367 1120 4500 ΞΜ.
1141 4430 1223 4516 xiiij.
1274 4452 1342 4498 non
1364 4429 1456 4497 velet
1477 4431 1520 4496 ati
1542 4451 1581 4496 se
1604 4451 1727 4498 causas
1749 4453 1809 4519 per
1829 4429 1915 4500 aito·
1937 4427 2070 4498 deferri.
2114 4429 2163 4498 lta
2180 4453 2257 4526 curu

243 4517 380 4585 Vultum
408 4531 499 4585 tuum
527 4521 795 4588 desecabantur
821 4535 936 4587 ornnes
961 4521 1082 4586 diuites
1104 4514 1224 4604 plebis.
1274 4516 1429 4586 Christus
1461 4517 1506 4582 sit
1544 4519 1746 4584 constitutus
1785 4521 1990 4584 intercessor
2021 4530 2056 4582 et
2089 4514 2256 4597 Pontifex,

243 4602 286 4670 Et
318 4602 409 4672 Psal.
440 4603 518 4670 lxxi.
603 4618 616 4671 t
651 4607 838 4672 adorabunt
869 4627 944 4673 eum
976 4625 1093 4672 omnes
1123 4623 1224 4691 reges
1274 4623 1336 4672 our
1444 4603 1546 4669 rimus
1563 4601 1669 4669 aliosi
1702 4601 1833 4669 Passim
1850 4615 2030 4688 usurpatur
2047 4602 2132 4668 haec
2148 4601 2256 4668 forms

245 4701 366 4757 terrae.
409 4689 452 4756 Et
480 4688 702 4776 paulopost,
730 4693 874 4758 orabunt
895 4711 1007 4757 coram
1029 4712 1070 4757 eo
1092 4691 1126 4756 iu
1163 4702 1225 4769 ter,
1276 4692 1359 4756 abso
1376 4690 1507 4755 ationis.
1561 4687 1681 4756 Passio
1708 4685 1842 4755 Domini
1881 4690 1989 4754 nostri
2015 4689 2091 4754 lesu
2120 4686 2256 4768 Christi,

242 4773 288 4842 Bt
308 4776 379 4843 lch.
397 4798 431 4842 r.
459 4777 565 4864 inquit
585 4776 759 4856 Christus,
787 4776 832 4844 Vt
861 4797 979 4844 omnes
1005 4778 1095 4846 hono
1212 4785 1226 4840 t
1275 4775 1391 4841 merita
1413 4774 1627 4842 beatissimae
1648 4774 1787 4861 virginis
1804 4775 1943 4855 hieriae,
1966 4785 1999 4841 et
2017 4773 2160 4839 otuninm
2177 4791 2255 4838 san·

1276 4871 1406 4927 ciorum
1426 4861 1493 4927 sint
1515 4861 1571 4928 tibi
1600 4863 1634 4927 in
1663 4861 1893 4927 remissionem
1921 4869 2166 4964 peecatorum.
2191 4855 2256 4923 llic

248 4948 440 4964 m
471 4938 480 4962 Ι
1248 4949 1251 4958 ι

1249 5013 1253 5060 2
1275 5033 1482 5050 w

245 5067 295 5136 ii)
312 5023 504 5137 misericordia]
522 5065 571 5122 Ed.
590 5071 616 5120 4,
635 5075 739 5138 tetroque
756 5069 824 5121 icco:
841 5069 1037 5122 misericordiae
1250 5115 1252 5140 ;

247 5153 295 5222 aa)
313 5157 352 5206 m
367 5155 417 5222 ¹¹·i
437 5153 518 5208 sate.
537 5157 563 5206 a.
582 5158 606 5208 a.
625 5157 702 5208 aaa.
721 5157 759 5206 ata
775 5155 802 5207 a.
820 5157 879 5208 am
895 5155 946 5208 na.
965 5157 1005 5208 at
1024 5169 1096 5208 nono
1114 5155 1160 5218 ne,
1179 5151 1226 5219 (o-
1250 5162 1253 5212 t
1276 5136 1325 5204 ²⁴)
1342 5150 1388 5202 po
1407 5133 1460 5201 ud
1477 5133 1559 5194 inti·
1578 5138 1669 5190 ΜΛ
1687 5142 1792 5203 ruris
1809 5150 1851 5198 oa,

255 5269 269 5276 „
315 5226 385 5291 piiss
402 5225 469 5276 locst
486 5225 578 5277 αἐαω
594 5223 644 5277 les.
663 5228 706 5290 11,
724 5225 783 5291 10.)
1249 5215 1253 5268 i
1278 5223 1325 5289 ab)
1344 5221 1493 5288 liberatum]
1510 5221 1560 5273 Ed.
1577 5222 1618 5274 3.=
1634 5221 1767 5274 liberator.
