4888 5670
200 267 248 339 83

207 473 330 528 nostra
362 471 480 540 saneta
508 459 575 528 fide
614 481 658 528 ao
689 458 853 548 religione
888 479 986 528 omne
1016 459 1188 526 dissidium

649 265 889 340 numum.
911 265 1102 338 sonora
1121 265 1395 338 ooonnrron
1413 265 1471 334 m
1493 263 1768 336 sunmomon.
1795 235 1796 238 ‘

2172 267 2219 338 di

1321 455 1377 524 Ad
1398 478 1457 538 en,
1479 477 1566 544 qnae
1586 477 1647 542 per
1669 445 1866 524 illectorem
1884 468 1918 524 et
1939 453 2067 544 aliquot
2088 455 2216 524 Princi-

204 544 362 626 tollatnr,
399 548 433 612 in
466 547 730 633 praesentiarum
744 550 798 627 nu)
837 547 981 614 recitare
994 549 1048 624 Η)
1079 545 1187 618 iussit,
1228 563 1296 632 pes
1317 563 1362 611 ac
1384 543 1537 612 civitates
1567 543 1663 610 Sacri
1685 543 1781 610 llom.
1805 544 1933 630 imperii
1959 544 1993 609 in
2021 544 2159 622 nennio
2183 551 2217 608 et

147 707 151 714 ,
204 631 273 699 hec
294 633 411 699 modo:

278 837 340 906 [Pro
361 837 406 888 boe
428 837 550 906 Prolopo,
577 839 659 906 paulis
684 839 710 888 in
734 839 825 904 quinta
855 835 1050 889 Oenintstionis
1075 837 1190 889 iormnls

206 908 307 974 lenitum.
326 905 425 958 tremor
441 909 467 956 in
484 910 563 958 tertis
581 916 603 958 et
621 915 713 972 quarta
728 906 865 967 elieser.
967 922 1032 957 nune
1049 923 1063 959 e
1078 906 1188 970 Pilng.

205 975 409 1111 ffiffissff.)
427 975 574 1042 adiunctae,
589 983 712 1066 summme
729 977 856 1028 variants
910 975 975 1028 dicis
990 976 1076 1042 Mon.
1097 976 1188 1042 (quar-

585 1215 766 1278 Prologua.
781 1217 808 1282 ι)

276 1335 358 1386 Sacra
375 1335 505 1386 Caesares
522 1341 549 1385 et
566 1335 705 1386 Catholicis
725 1334 869 1398 Maiestas,
891 1349 970 1400 mam
992 1336 1102 1400 pn'mum
1126 1331 1199 1383 enni·

206 1405 347 1454 laesionem
361 1405 388 1470 b)
413 1417 459 1470 per
480 1404 617 1469 Principes
640 1411 668 1454 et
691 1403 860 1469 civitatens)
889 1417 954 1468 quaa
978 1415 1007 1454 se
1024 1404 1052 1453 in
1077 1416 1108 1453 es
1130 1401 1188 1452 snb·

205 1474 374 1538 scripserunt,
393 1473 537 1524 exhibitam
554 1475 667 1537 accepit,
692 1487 739 1538 pro
765 1486 797 1522 eo
820 1471 929 1535 adamo,
954 1485 1005 1535 quo
1027 1473 1080 1522 Dei
1097 1469 1130 1524 0.
1148 1471 1187 1520 M.

205 1543 331 1606 gloriam,
350 1545 495 1592 animarum
516 1543 640 1603 salntem,
665 1541 833 1592 christianam
856 1541 1037 1602 concordiam,
1061 1548 1087 1589 et
1103 1539 1187 1607 pnhli·

206 1625 264 1661 eam
282 1613 362 1660 totius
380 1611 537 1662 Germaniae
555 1613 676 1677 quietem,
694 1610 837 1674 honorem,
855 1617 882 1660 et
903 1611 1029 1660 unionem
1052 1615 1130 1672 atque
1147 1622 1187 1658 sa·

206 1680 289 1730 lutam
309 1687 425 1744 exoptat,
443 1695 497 1728 non
514 1683 592 1730 modo
617 1694 674 1729 earn
699 1679 888 1730 confessionem
911 1680 1038 1744 perlegit,
1055 1677 1117 1738 sed,
1135 1689 1187 1740 qno

203 1747 305 1798 firmior
328 1749 508 1814 maturiorque
521 1749 549 1814 ⁶)
572 1747 616 1813 (nt
635 1751 663 1800 in
684 1762 714 1798 re
741 1749 808 1798 tanti
830 1748 957 1800 momenti
979 1746 1069 1811 decet)
1096 1759 1188 1811 proee-

207 1818 290 1878 deret,
307 1818 440 1867 nonnullis
460 1818 522 1866 siris
546 1819 573 1866 in
591 1818 675 1868 sacris
696 1817 780 1866 literis
803 1817 981 1866 eruditissimis
996 1816 1022 1879 ο)
1048 1814 1188 1866 ridendum

207 1886 461 1951 examinandamque
488 1886 575 1948 dedit,
602 1887 661 1949 qni,
688 1887 761 1936 omni
788 1900 851 1936 eura
882 1893 960 1948 atque
994 1883 1131 1947 diligentis
1155 1897 1189 1933 ea

202 1954 376 2006 Confessione
393 1963 545 2020 perspecta,
562 1969 635 2004 suam
657 1955 858 2019 responsionem
878 1953 1013 2004 Maieatsti
1036 1967 1099 2004 suaa
1122 1950 1188 2004 Osa·

201 2025 336 2090 nancaei)
363 2025 520 2074 obtulerunt.
562 2022 648 2084 Quum
671 2025 748 2073 etiam
762 2024 790 2090 s)
818 2023 1018 2088 responsionem
1042 2022 1133 2072 eadem
1156 2019 1186 2072 (l.

200 2091 243 2142 M.
267 2099 392 2158 tanquam
414 2106 551 2143 commune
572 2093 692 2141 studiosa
715 2092 809 2142 salutis
836 2091 964 2156 perlegit,
978 2090 1009 2156 h)
1036 2104 1068 2139 ae
1092 2091 1187 2140 autema

200 2159 278 2213 Rom.
302 2162 404 2226 imperii
427 2162 606 2221 Electoribns,
629 2159 794 2225 Principibus
819 2167 845 2209 et
864 2161 887 2227 l)
910 2157 1028 2210 statibus
1049 2159 1187 2222 legendam

205 2230 290 2280 dedit=
309 2230 401 2295 quibus
421 2231 540 2280 omnibns
555 2229 582 2296 t)
601 2235 723 2293 tauquam
743 2229 921 2282 orthodoxam
939 2235 965 2278 st
987 2242 1046 2277 aum
1068 2227 1092 2293 ¹)
1110 2241 1188 2276 eran-

203 2299 276 2362 gelio
295 2307 321 2347 et
338 2300 421 2351 saeris
439 2300 521 2350 literis
539 2311 587 2362 per
605 2299 694 2349 omnia
709 2299 906 2348 convenientem
919 2297 955 2361 Ν)
973 2296 1187 2362 approbantibus,

205 2367 288 2432 deque
303 2369 330 2432 Ι1)
349 2381 437 2416 eorum
457 2367 567 2416 consilio
586 2373 612 2415 et
628 2381 739 2417 assensu
757 2367 855 2416 eisdem
869 2367 897 2433 ο)
915 2365 1081 2430 Principibus
1107 2371 1134 2422 st
1151 2365 1188 2414 ci·

203 2436 328 2486 vitatibus
346 2436 501 2486 tradendam
519 2435 649 2498 decrevit,
662 2437 692 2503 e)
710 2433 919 2501 hieremiam]

205 2625 257 2690 Pi)
276 2627 302 2674 in
312 2625 533 2689 praesentiarum]
541 2623 637 2674 Febr.
649 2625 798 2676 coniunfflm
807 2641 813 2672 r
823 2623 1056 2688 inpraesentiarum
1072 2620 1188 2686 (Muel-

139 2703 141 2706 ·
274 2693 620 2758 lersalsol.l.notn18.
642 2693 731 2758 refert,
749 2691 845 2743 Psbr.
869 2688 996 2744 arum
1023 2694 1050 2742 in
1067 2705 1188 2756 praeseu-

274 2761 343 2826 tia),·
362 2761 469 2812 Coele
486 2765 513 2813 in
532 2763 679 2825 praesentia

139 2837 143 2844 ’
204 2845 645 2912 2³)racitn01ranr.:reeitnri

222 2951 253 3017 s)
271 2949 427 3016 Prologus.)
457 2945 519 3001 lineo
543 2949 673 3017 inscriptio
696 2963 747 2999 uno
770 2963 824 3002 cuns
847 2947 931 3000 nerhis
954 2948 979 2999 ei
1000 2946 1186 3016 mpvacsiptisr

224 3035 227 3043 ⁴
279 3017 384 3082 ,Prima
400 3017 492 3069 Para‘
513 3017 587 3083 (side
604 3018 724 3084 praeced.
742 3024 832 3070 notam
851 3019 894 3085 t.)
909 3018 936 3068 in
953 3016 1036 3068 Mon.
1056 3016 1151 3068 desunt.

221 3103 252 3171 b)
271 3119 347 3172 qnam
365 3105 476 3172 primum
495 3103 700 3171 confessionem]
718 3105 815 3158 lione
835 3119 893 3155 eum
909 3105 1020 3169 primum
1036 3102 1100 3154 ildsi
1117 3100 1187 3152 con-

272 3173 413 3224 tentonem
432 3174 561 3238 quandsm

221 3260 250 3326 e)
269 3259 401 3322 ciuitates]
425 3258 509 3309 Mon.
535 3257 584 3324 (-..-
604 3260 730 3325 Dens.)=
761 3260 826 3311 duas
849 3259 976 3311 Ciuitates
999 3255 1043 3324 [ec
1066 3254 1111 3306 loc
1133 3255 1186 3307 ἰοοο

274 3325 442 3394 similibusque
458 3327 615 3393 intelligitur,
632 3327 695 3379 bunc
713 3327 827 3379 Codicem
838 3327 1022 3394 formulamque
1042 3325 1070 3376 in
1087 3341 1116 3377 eo
1142 3341 1185 3378 es-

274 3393 378 3446 bibitnm
395 3397 461 3446 inter
478 3396 583 3460 Pilug.
603 3397 622 3444 i.
641 3413 662 3448 e.
686 3397 789 3447 tertiam
807 3411 838 3446 oc
860 3396 1000 3446 Danaas.
1024 3395 1044 3446 ι’.
1063 3409 1085 3468 i·
1110 3395 1185 3459 quin-

274 3473 328 3514 tsm
344 3461 450 3515 medium
466 3469 557 3524 tmere,
575 3464 640 3530 conf.
658 3479 736 3532 sumn
748 3481 776 3531 p.
797 3465 828 3515 19
847 3463 895 3530 sp]

221 3551 254 3618 d)
271 3549 371 3600 firmior
387 3549 576 3616 maturiorque]
594 3549 678 3602 Mon.
690 3549 739 3616 (ε
749 3549 774 3599 D
784 3549 876 3617 ass.)=
894 3548 994 3598 firmius
1009 3546 1185 3612 maturiorque

221 3637 251 3704 e)
269 3635 402 3687 nonnullis
427 3662 461 3674 -
484 3633 675 3704 eruditissimis]
700 3635 803 3687 lion:
827 3633 961 3685 nonnullis
984 3634 1046 3683 viris
1071 3632 1185 3682 diversa

237 3745 246 3758 .
272 3721 330 3778 rum
347 3704 492 3759 Notionem
509 3705 537 3754 in
554 3706 634 3754 saeris
652 3705 745 3754 litteris
768 3705 967 3764 eruditissimis,
980 3700 1103 3752 'moribus
1126 3715 1186 3765 pro-

220 3811 223 3822 ,
273 3775 423 3837 batissimis,
441 3779 468 3822 et
485 3773 519 3824 ab
531 3774 608 3848 ‚omni
625 3775 727 3840 privato
746 3773 841 3825 affeetu
858 3773 978 3823 admissis

223 3859 255 3928 i)
272 3859 405 3978 iiguniliestati
427 3873 489 3910 suae
515 3859 672 3927 casareae]
705 3855 789 3912 lion.
812 3861 862 3924 l:
883 3855 1011 3923 Dese.)=
1040 3855 1186 3908 Caesareae

319 3929 404 3980 'estad
857 3971 859 3982 .

219 4015 253 4079 g)
271 4013 361 4080 etlam]
378 4013 462 4066 lion.
482 4013 532 4078 (=
548 4014 675 4078 neren
693 4029 777 4066 sena,
1041 4063 1046 4072 ,

219 4099 252 4167 h)
271 4114 406 4150 commune
432 4097 605 4166 (waharna
639 4101 784 4168 suaptim
808 4105 868 4152 astte
901 4095 965 4150 ianr
989 4111 1073 4150 metm
1101 4111 1188 4149 arere

272 4167 374 4221 scriba
397 4169 520 4221 aridius
542 4169 582 4220 in:
605 4170 633 4220 in
656 4183 791 4220 commune
814 4169 835 4220 i.
852 4184 874 4220 s.
899 4167 927 4218 ln
950 4163 1111 4232 universum)
1133 4172 1186 4214 stu-

272 4237 349 4288 diosa
373 4239 464 4288 seinos
489 4237 621 4304 perlegit]
646 4237 748 4296 lion:
778 4237 923 4290 communis
946 4236 1039 4286 salutis
1059 4234 1186 4307 studiosa,

271 4309 468 4358 &curatissimis
485 4307 625 4372 diligentis
640 4307 762 4374 perlegit,
1115 4317 1120 4324 ·

187 4381 193 4386 ’
229 4393 254 4461 i)
274 4395 311 4460 et]
330 4393 429 4445 lion-r
447 4409 478 4444 ac

219 4477 253 4544 h)
272 4479 404 4545 omnibns]
420 4479 506 4530 Mon.
524 4477 608 4532 ndat:
626 4493 684 4530 eam

214 4565 253 4633 al)
272 4569 299 4614 et
316 4562 384 4634 cnm]
402 4565 501 4618 lion:
520 4572 629 4632 atquae
647 4581 705 4616 curn

213 4651 253 4718 m)
270 4647 477 4719 convenientem]
493 4649 591 4703 lions
611 4651 758 4704 consentiat

219 4738 252 4806 n)
271 4735 364 4806 deque]
381 4738 408 4798 in
424 4736 511 4787 Mon.
529 4737 604 4789 deest.

220 4824 253 4889 o)
271 4821 381 4890 eisdem]
399 4821 497 4874 lions
516 4824 607 4874 melem
624 4823 701 4876 caes.
720 4821 844 4874 Maiestas
862 4819 1017 4887 supradietis

221 4909 254 4978 p)
272 4909 424 4959 uadendum
442 4907 568 4978 decent]
592 4909 628 4962 ud
648 4907 711 4961 iaec
732 4907 809 4961 cerda
832 4905 1019 4958 Muellerns
1044 4905 1098 4958 ll.
1111 4922 1140 4975 p.
1160 4906 1185 4958 i.

273 4985 335 5030 nota
355 4979 396 5030 it.
414 4985 482 5032 recte
506 4977 648 5030 mouit:
668 4992 733 5043 ergo
758 4978 891 5027 decretum
914 4975 996 5026 inisse
1017 4975 1136 5039 videtur,
1158 4981 1189 5024 nt

217 5053 219 5063 '
274 5047 431 5098 Lntheranis
449 5063 481 5097 es
504 5047 548 5098 dle
568 5051 590 5098 1.
613 5050 682 5114 Aug.
707 5047 914 5107 traderetur,
937 5045 985 5095 sed
1002 5044 1114 5096 nendilo
1132 5044 1188 5094 ma·

217 5139 221 5146 ·
276 5113 910 5186 tntodie3.Ang.[tantumlrecitstsest
983 5147 985 5152 .

223 5195 316 5274 (filiis
333 5203 445 5290 vobisc]
461 5203 561 5258 Mon:
581 5203 659 5256 Velut
674 5217 762 5265 mam,
781 5213 878 5266 suaque
902 5199 1006 5268 publica
1022 5200 1187 5252 Aucterltste

1193 683 1195 692 ,
1234 629 1349 696 oensis
1371 627 1572 696 christianae
1594 639 1628 695 et
1647 628 1856 696 orthodoxae
1877 629 1954 695 fidei
1975 615 2099 695 Saarna
2116 627 2216 695 Caes.

1233 715 1402 782 Mniestnti
1435 715 1584 782 exhibita
1622 711 1776 796 inerunt,
1809 715 1877 782 hoe
1915 715 2134 782 christianum
2165 733 2217 781 re·

1234 821 1395 890 sponsum
1417 802 1511 868 reddi
1532 811 1660 886 potest:
1675 804 1728 881 ²⁴)

1478 1027 1685 1140 [enus
1736 1027 1973 1114 Preion
2043 957 2063 1142 ⁵,

1554 1243 1617 1312 Ad
1638 1243 1762 1310 artlo.
1785 1243 1824 1325 Ι.)
1840 1247 1895 1325 ²⁶)

1320 1379 1356 1447 ln
1389 1383 1505 1467 primis
1539 1401 1614 1448 cum
1646 1380 1788 1448 articulo
1821 1383 1928 1467 primo
1942 1385 1997 1460 20)
2031 1379 2214 1448 confitean-

1233 1469 1533 1547 convicinitatem
1556 1470 1727 1534 essentiae
1739 1468 1869 1534 divinae
1883 1469 1937 1546 28)
1958 1467 2120 1532 in'tribus
2141 1487 2215 1552 per-

1234 1553 1328 1618 sonia
1349 1555 1442 1621 iuxta
1464 1554 1603 1632 Nicaeui
1626 1551 1757 1619 concilii
1777 1555 1965 1630 decretum
1992 1571 2107 1618 eorum
2135 1571 2218 1627 οοιι·1

1232 1637 1338 1707 iasio
1360 1640 1571 1726 acceptanda
1592 1652 1654 1720 est,
1668 1643 1722 1716 ²⁹)
1745 1657 1804 1718 co,
1833 1640 1925 1725 quod
1947 1658 2008 1724 per
2034 1639 2146 1704 omnia
2171 1638 2217 1705 ad

1301 1967 1469 2029 roboratam,
1491 1964 1527 2016 its
1550 1965 1584 2016 ab
1601 1965 1723 2018 omnibus
1744 1965 1853 2031 perinde
1874 1963 1947 2018 Sacri
1969 1963 2082 2017 Romani
2104 1963 2213 2029 Inperil

1302 2036 1424 2086 membris
1443 2041 1470 2085 st
1487 2034 1598 2084 subditis
1615 2036 1730 2086 unanimi
1754 2048 1883 2092 consensu
1900 2033 1922 2100 (.
1941 2041 1970 2084 ut
1993 2035 2077 2085 omnis
2103 2033 2136 2082 ds
2159 2031 2212 2082 fide

1302 2112 1330 2154 et
1345 2105 1477 2168 religione
1495 2104 1629 2155 discordia
1646 2104 1775 2170 tollatur.)
1794 2099 1988 2169 acceptaridam.

1233 2225 1280 2290 24)
1298 2225 1343 2274 Ad
1361 2238 1407 2286 es,
1425 2236 1492 2288 quse
1502 2249 1535 2262 ·-
1548 2237 1616 2288 resp.
1634 2223 1709 2274 reddi
1724 2221 1836 2289 putenm]
1856 2223 1894 2272 sic
1908 2220 1969 2274 hoec
1985 2220 2063 2274 cerba
2078 2221 2105 2272 in
2121 2219 2213 2272 Dens.

1302 2293 1345 2355 b.,
1362 2291 1519 2354 Franci„
1536 2291 1627 2353 Has,
1649 2291 1707 2342 item
1724 2293 1751 2341 in
1773 2291 1886 2356 Chytr.
1905 2307 1923 2342 a
1936 2287 2143 2358 praecedentibus
2156 2296 2214 2356 apte

1303 2363 1415 2412 saunas
1431 2367 1496 2421 sunt,
1513 2360 1603 2428 quippe
1619 2359 1686 2426 quod
1701 2361 1896 2426 inscriptionem
1919 2355 2113 2409 confutationis
2136 2359 2213 2409 conti

1302 2436 1373 2492 παις
1391 2429 1489 2497 inipso
1507 2435 1587 2480 men
1607 2425 1698 2481 Oodice
1721 2427 1762 2493 (in
1783 2427 1876 2478 Desa.
1902 2441 1925 2476 a
1952 2427 1988 2478 ad
2008 2428 2124 2478 mnesnm
2146 2429 2214 2502 typis

1303 2497 1432 2566 saprum)
1446 2496 1651 2566 praecedentibus
1666 2499 1693 2547 in
1716 2498 1833 2548 mntinuo
1853 2496 1920 2548 inm
1942 2511 2041 2550 artam
2063 2502 2133 2558 sunt,
2155 2497 2214 2548 itas

1302 2567 1330 2617 in
1347 2567 1439 2618 Pshr.
1475 2566 1510 2615 At
1526 2564 1681 2617 mwbis'
1714 2567 1720 2580 '
1748 2563 1810 2618 naec
1826 2565 1951 2617 insmilur
1967 2565 2093 2616 sumans:
2111 2563 2140 2630 a)
2158 2571 2214 2634 post

1302 2650 1384 2687 nocem
1392 2637 1540 2685 illectorem
1558 2634 1630 2686 addit
1648 2634 1670 2687 C
1699 2641 1777 2700 ytr.:
1794 2633 1945 2698 saxoniam·
1962 2634 1994 2698 b)
2008 2635 2213 2700 pronegotioet

1303 2706 1388 2755 musis
1406 2702 1479 2756 laba
1496 2703 1609 2756 Faue:
1628 2706 1743 2767 negotiis
1761 2717 1792 2754 ao
1810 2704 1910 2765 cousin
1930 2702 1958 2768 c)
1972 2719 2021 2770 pro
2038 2710 2124 2768 potest
2141 2700 2227 2756 nata.

1301 2773 1413 2826 Fanni
1430 2773 1521 2838 possit,
1537 2771 1631 2824 Desa.
1659 2773 1700 2836 b.,
1730 2771 1891 2834 Ptench,
1915 2770 2005 2822 Esar
2029 2774 2129 2836 potuit,
2151 2787 2230 2838 quas.

1303 2842 1388 2894 adera
1406 2841 1479 2893 lectio
1497 2847 1554 2892 orto
1572 2850 1608 2893 est
1632 2857 1663 2892 en
1678 2839 1753 2906 salsa
1776 2840 1906 2891 Weberi
1927 2840 2133 2908 interpretatione
2150 2855 2213 2891 com-

1298 2909 1388 2978 pendit
1395 2909 1538 2976 emptionis
1547 2917 1583 2973 pt,
1593 2909 1661 2976 guod
1666 2907 1690 2960 i.
1701 2909 1719 2959 l.
1732 2910 1760 2960 in
1775 2908 1869 2960 Desa.
1887 2920 1913 2958 a.
1932 2914 2031 2972 esaim
2049 2906 2214 2960 accam

1302 2976 1606 3042 censpotestsipnificare,
1619 2977 1696 3028 ducat
1714 2993 1728 3029 e
1743 2977 1788 3028 lo.
1807 2975 1941 3028 Lndoll.
1960 2976 2213 3028 WaltheriLexl·

1302 3061 1334 3098 co
1345 3047 1516 3112 diplomatico
1527 3045 1684 3110 (Gottingae
1694 3045 1771 3096 litt.
1781 3044 1854 3108 Pol.)
1872 3061 1898 3110 p,
1909 3046 1968 3098 304.
1986 3043 2054 3098 ΕΜ.
2074 3045 2212 3098 Prsnck.

1303 3123 1327 3168 et
1343 3115 1419 3168 Has.
1439 3131 1470 3166 ea
1487 3113 1583 3168 Desa.
1604 3113 1628 3167 h.
1646 3129 1750 3166 recuses
1766 3121 1822 3164 sant
1839 3113 1944 3181 indeque
1964 3111 2028 3164 iuno
2049 3130 2158 3166 err-oren
2173 3130 2214 3166 re-

1301 3191 1426 3305 iffi
1443 3181 2213 3322 iiiiii:sitiente-..itineris

1233 3337 1281 3406 et)
1298 3339 1364 3392 Pars
1386 3340 1467 3404 prler.
1501 3339 1547 3388 Ad
1569 3339 1644 3388 artie.
1665 3335 1701 3403 1.]
1726 3333 1787 3389 laec
1807 3336 1939 3404 inscrsfiio
1960 3338 2041 3402 partis
2063 3343 2088 3390 a
2111 3337 2214 3390 articuli

1304 3409 1409 3474 eiusque
1427 3421 1549 3458 numerus
1565 3421 1613 3456 son
1629 3406 1707 3458 sclusa
1723 3403 1747 3457 t.
1766 3406 1797 3468 i,
1814 3405 1860 3458 sed
1875 3405 1948 3458 etiem
1964 3406 1992 3456 in
2014 3404 2171 3472 nomnibus
2186 3407 2214 3458 in

1301 3477 1357 3544 apso
1375 3475 1437 3528 con
1457 3475 1543 3526 decu
1560 3473 1640 3542 (mnf.
1660 3489 1690 3524 su
1720 3491 1737 3525 a
1749 3489 1777 3540 p.
1797 3473 2143 3542 numerusnumerous
2158 3473 2214 3526 ulri-

1301 3561 1348 3612 que
1363 3544 1551 3606 intrnunos'nos
1567 3545 1595 3594 in
1620 3541 1667 3594 isac
1710 3543 1735 3595 d.
1753 3542 1888 3593 adduntur.
1907 3541 1938 3593 in
1954 3543 2049 3595 Pabr.
2067 3544 2160 3610 neum
2174 3545 2214 3596 in·

1302 3615 1417 3680 emption
1436 3610 1526 3663 Caroli
1544 3610 1665 3662 Caesaris
1684 3618 1711 3660 et
1728 3611 1924 3666 eamolieonun
1940 3611 2092 3677 Principum
2110 3613 2145 3664 ad
2162 3613 2214 3666 ar-

1302 3683 1410 3733 ticulum
1433 3682 1544 3748 primnm
1569 3681 1720 3747 responsio,
1742 3679 1787 3734 abs
1809 3694 1859 3746 pua
1880 3682 2031 3746 aequanimis
2053 3681 2214 3732 ainaim
2262 3730 2270 3737 ,

1302 3750 1476 3870 rnen
1488 3748 1870 3884 ...ιι
1905 3767 2216 3887 ,n

1304 3888 1399 3940 Cael.
1417 3885 1458 3938 iic
1475 3893 1525 3940 αι.
1544 3888 1582 3938 sic
1595 3887 1737 3954 ¹inscriptus
1754 3893 1805 3938 estc
1827 3887 1871 3936 Ad
1889 3885 2038 3937 Articulum
2053 3886 2075 3938 1.
2098 3885 2141 3937 De
2157 3888 2215 3938 nni·

1221 3997 1225 4003 .
1302 3964 1356 4008 tate
1384 3957 1514 4007 essentiae
1540 3953 1736 4019 Theologorum
1762 3954 1962 4006 Pontideiorum
1987 3955 2134 4021 responsio.
2162 3953 2214 4022 (Ab

1301 4024 1350 4078 hac
1370 4026 1531 4092 inscriptione
1552 4023 1702 4090 sepnmtium
1725 4023 1887 4075 articulorum
1908 4023 2080 4094 inscriptiones
2103 4025 2153 4076 solo
2170 4039 2214 4075 nu·
2252 4029 2255 4038 '

1301 4110 1369 4147 mero
1393 4099 1416 4146 a
1434 4099 1578 4159 marmenia
1600 4091 1740 4160 differunt.)
1766 4120 1800 4131 -
1822 4093 1933 4157 Pilug.
1957 4090 2028 4144 iubet
2046 4091 2109 4144 iano
2124 4093 2214 4146 inscri-

1298 4164 1420 4232 pts'onem:
1439 4162 1541 4213 Primus
1566 4161 1699 4214 monins.
1737 4161 1778 4212 De
1800 4163 1923 4213 trinitatis
1947 4161 2086 4212 divinitate
2110 4168 2136 4213 et
2158 4163 2215 4211 nni-

1303 4233 1364 4284 tatis
1383 4233 1507 4293 amentia,
1526 4245 1590 4297 quae
1607 4229 1696 4282 deine
1711 4237 1809 4282 mutata
1832 4239 1868 4283 est
1885 4230 1924 4280 in:
1948 4231 1982 4280 de
2003 4231 2106 4282 aniate
2128 4245 2215 4282 essem

1303 4301 1370 4364 tiae,
1392 4308 1419 4350 ut
1448 4301 1530 4368 magis
1560 4299 1700 4352 cmnmiret
1730 4297 1812 4352 verbis
1832 4300 1900 4366 Aug.
1930 4295 2104 4366 conannas.
2128 4326 2163 4337 -
2184 4295 2216 4350 in

1302 4369 1385 4421 lion.
1403 4367 1508 4420 aticuli
1526 4369 1619 4418 1-21.
1635 4365 1837 4436 inscriptionibus
1854 4365 2064 4430 carnuntensem
2081 4383 2113 4422 ea
2126 4367 2218 4436 pristis

1187 4439 1191 4446 '
1221 4460 1226 4476 ι
1280 4503 1283 4510 Ι
1303 4436 1456 4504 singulm
1472 4435 1555 4489 seriis
1573 4437 1731 4504 cognoscier
1747 4451 1862 4488 msmaus
1879 4453 1971 4488 eorum.

1235 4521 1283 4592 id)
1301 4523 1525 4645 mdcnlofflmo]
1550 4523 1589 4575 sic
1612 4521 1744 4588 Chytr„
1767 4519 1878 4584 Febr„
1900 4521 2056 4586 Franci„
2076 4521 2168 4586 Has.;
2188 4521 2217 4572 in

1303 4591 1395 4645 Dens.
1488 4595 1596 4660 :primo
1872 4623 1873 4630 ι

1234 4679 1283 4749 ii)
1302 4693 1360 4729 cum
1382 4685 1432 4731 art.
1455 4679 1539 4745 primo
1561 4677 1749 4742 confiteantur]
1777 4675 1903 4741 Pilng„
1932 4675 2032 4727 hieme
2058 4692 2117 4728 eum
2139 4675 2216 4728 Priu-

1305 4751 1374 4815 cipes
1392 4747 1503 4800 entiam
1521 4748 1605 4814 primo
1624 4745 1800 4796 commentor
1817 4743 1887 4810 (Vos
1904 4744 2039 4812 Principes
2056 4747 2084 4798 is
2100 4743 2217 4813 somnia

1299 4819 1395 4887 prima,
1412 4817 1490 4869 tertia
1507 4823 1531 4868 et
1548 4821 1640 4886 punrla
1656 4830 1732 4882 ωερε
1749 4815 1873 4877 occuram
1890 4814 1917 4864 in
1933 4812 1973 4866 iris
1990 4815 2053 4867 arisi
2070 4813 2161 4881 ubique
2178 4813 2216 4866 di·

1305 4886 1382 4938 citurr
1404 4885 1541 4951 Principes
1559 4883 1724 4951 [hathamui]
1751 4883 1923 4947 confitentur,
1945 4885 2070 4935 dameam
2086 4889 2147 4946 stc..
2167 4897 2217 4951 pro

1303 4971 1354 5024 pun
1376 4955 1475 5007 &aidi
1494 4956 1594 5006 ratione
1613 4952 1731 5020 formula
1749 4954 1835 5020 quiae
1863 4949 1950 5007 inber
1977 4952 2144 5013 confitentur,
2171 4947 2216 5006 ds·

1303 5030 1395 5076 musnt
1412 5023 1519 5090 (nemine
1535 5021 1749 5088 nominato),sids
1764 5021 1923 5074 hinslleri
1941 5029 2032 5073 annot.
2050 5037 2076 5088 p.
2086 5019 2112 5074 d.
2129 5035 2157 5074 n.
2176 5019 2216 5089 ἲ.)

1235 5113 1283 5181 id)
1301 5111 1430 5162 emendae
1447 5107 1562 5175 divinae]
1580 5107 1705 5174 Pilug„
1722 5109 1821 5161 lion:
1839 5109 1944 5161 dirlnss
1961 5107 2093 5193 essentm
2193 5111 2203 5184 ’-

1235 5198 1283 5265 29)
1301 5211 1390 5248 eorum
1409 5195 1541 5248 eeniessm
1559 5195 1722 5262 acceptanda
1739 5193 1799 5262 est]
1817 5193 1942 5260 Pilug.,
1958 5193 2061 5249 hient
2083 5191 2167 5246 amn
2178 5189 2216 5245 ¹0.
