4894 5672
208 314 278 382 499
658 309 771 380 Plllh.
791 309 898 378 MEL.
920 305 1108 377 scatere
1128 306 1397 377 DCGlllATlCA
1416 305 1474 374 ΕΤ
1492 303 1765 374 ΒῩΜΒΟΙΔΟΑ.
2156 303 2223 370 etth

209 523 292 654 iil,
314 512 619 652 ttitttttte
653 465 1191 652 tetenstete
1241 515 1410 666 etet:
1418 496 1685 647 l‘lilim‘
1701 493 1878 573 Μ
1896 494 2047 580 ,aaa
2067 489 2223 572 meam,

213 673 324 740 cultus
356 609 549 759 euhagitat?
576 633 683 736 doltec
712 690 853 756 prorsus
881 603 1047 756 despelllt.
1074 627 1192 732 'Haec
1327 664 1425 732 Alter
1447 604 1570 732 ¹ulredus
1598 664 1841 730 iustificationis
1870 665 2012 729 traditur
2039 660 2224 729 e‘l'heolo·

212 761 298 826 ratio
333 751 425 824 extet
455 760 543 842 apud
576 754 716 822 Paulum
755 754 851 820 Rom.
880 755 937 842 iiij.
970 755 1027 820 vbi
1059 755 1191 837 prohat,
1243 751 1296 840 gis
1319 750 1549 830 Scholasticis,
1571 769 1646 817 eum
1669 751 1801 828 docent,
1823 751 1914 836 quod
1930 751 2008 814 iusti
2025 753 2142 828 simus,
2163 767 2225 833 per

213 845 303 932 quod
336 845 514 928 promissio
547 843 713 920 iusticiae,
753 861 821 905 non
855 841 1026 927 contingat
1057 849 1193 924 propter
1243 839 1405 989 guendam
1428 835 1575 904 habitum
1604 835 1720 902 aDeo
1742 834 1905 914 inlusum,
1972 837 2055 902 lest
2079 833 2225 911 dilectio,

213 950 317 1016 opera
344 941 480 1008 nostra,
513 928 591 1014 quia
623 947 790 1012 uunquam
822 945 1000 1010 possemus
1033 925 1194 1003 statuere,
1272 925 1397 1010 tquod
1419 920 1486 988 hoc
1507 921 1621 988 habitu
1643 921 1743 986 adiuti
1763 922 1853 986 intus
1876 932 1909 986 et
1945 923 2032 1002 oris,
2064 917 2224 989 iaciemus

213 1018 303 1103 quod
330 1013 530 1080 haberemus
557 1009 724 1097 placatum
751 1010 871 1078 Deum.
904 1011 978 1076 Lex
997 1011 1086 1076 enim
1110 1030 1193 1074 sem·
1243 1007 1353 1096 legem
1379 1009 1461 1081 Dei,
1491 1006 1534 1073 Et
1561 1009 1651 1096 quod
1673 1003 1731 1071 ille
1753 1006 1908 1092 implecio
1931 1003 2016 1092 legis
2038 1007 2098 1084 sit,
2124 1006 2226 1093 digna

211 1123 273 1186 per
303 1113 460 1179 accusat,
488 1100 536 1164 lta
557 1098 734 1183 promissio
758 1098 851 1163 irrita
874 1107 982 1176 esset,
1004 1109 1037 1162 et
1054 1097 1194 1172 incerta,
1244 1096 1349 1182 gratia
1383 1106 1416 1160 et
1449 1097 1517 1160 vite
1550 1105 1698 1159 aeterna.
1750 1091 1845 1160 llaec
1875 1093 2027 1158 doctriua
2052 1089 2151 1177 plane
2173 1099 2227 1155 est

215 1188 292 1253 ideo
316 1184 485 1272 concludit
505 1187 595 1269 quod
612 1184 789 1269 promissio
810 1179 870 1247 illa
890 1183 1095 1248 remissionis
1116 1201 1194 1264 pec-
1245 1181 1397 1246 doctrine
1424 1177 1529 1266 legis,
1563 1178 1690 1244 Verum
1717 1189 1770 1243 est
1800 1181 1887 1244 enim
1910 1179 1999 1265 quod
2028 1177 2083 1244 les
2110 1178 2227 1263 inquit,

215 1283 363 1340 cetorum
394 1283 428 1335 et
453 1271 605 1336 iusticiae
633 1268 699 1333 lide
725 1270 798 1334 ecci
822 1269 927 1346 iatur,
960 1289 1026 1334 uon
1057 1277 1194 1352 propter
1243 1264 1375 1353 Diliges
1400 1264 1578 1330 Dominum
1599 1263 1709 1329 Deum
1738 1276 1829 1336 tuum
1851 1276 1914 1330 etc.
1957 1261 2025 1329 Dili
2051 1281 2089 1328 es
2117 1262 2227 1346 proxi·

214 1377 326 1443 opera.
372 1354 466 1422 llaec
487 1366 540 1420 est
562 1373 643 1420 vera
664 1365 698 1417 et
719 1291 862 1439 simplex
884 1363 916 1417 et
938 1373 1099 1440 gennana
1119 1372 1194 1417 sen·
1244 1373 1331 1419 mum
1353 1363 1453 1417 tuum
1498 1348 1644 1416 Dilectio
1665 1350 1765 1436 igitur
1786 1361 1838 1414 est
1860 1285 2136 1435 impleeiolegls.

213 1444 316 1509 tentia
344 1439 451 1520 Pauli,
483 1445 517 1507 in
545 1461 611 1527 qua
640 1441 782 1505 maxime
812 1436 1000 1504 consolatio
1026 1439 1092 1524 pijs
1115 1457 1195 1502 cou-
1330 1435 1446 1501 Facile
1478 1447 1666 1502 astantem
1699 1435 1852 1500 iudicium
1880 1433 2006 1500 homini
2033 1433 2227 1500 Christiane

215 1528 365 1612 scientijs
387 1527 561 1612 proposita
583 1537 647 1605 est,
670 1536 703 1590 et
724 1522 910 1591 illustratur
931 1522 1039 1611 gloria
1057 1523 1195 1602 Christi,
1245 1524 1288 1589 de
1319 1533 1462 1608 utroque
1495 1521 1613 1600 mede,
1646 1523 1723 1670 guia
1754 1535 1893 1605 vterque
1931 1521 2051 1585 modus
2084 1517 2229 1586 excludit

237 1615 270 1679 ui
297 1623 389 1678 certe
410 1615 453 1677 ad
475 1613 542 1676 hoc
565 1612 708 1676 donatus
730 1623 782 1675 est
810 1611 928 1688 nobis,
949 1622 986 1676 vt
1008 1630 1067 1696 per
1086 1611 1194 1694 ipsum
1246 1607 1433 1687 Christum,
1454 1608 1530 1672 ideo
1552 1623 1649 1691 repre
1674 1607 1814 1671 endendi
1837 1617 1925 1671 suut.
1969 1606 2005 1670 ln
2026 1607 2139 1689 priore
2159 1623 2228 1669 mtt-

214 1635 400 1764 heheemus
423 1698 576 1782 gratiam,
598 1698 772 1776 iusticiam,
795 1707 829 1762 et
849 1716 976 1780 pacem.
1244 1692 1368 1763 nifesta
1395 1703 1447 1758 est
1473 1695 1640 1776 impietas,
1662 1694 1719 1779 qui
1741 1694 1851 1770 docet,
1873 1693 1963 1777 qued
1986 1711 2090 1776 opera
2110 1701 2229 1756 nosne

301 1781 471 1850 Hactenus
500 1783 729 1849 recensuimus
757 1783 955 1868 praecipuos
982 1779 1079 1846 locos
1108 1800 1195 1867 quos
1245 1781 1313 1844 sint
1352 1779 1546 1864 propiciatio
1583 1798 1646 1862 pro
1683 1779 1844 1861 peccatis.
1899 1776 2071 1842 Posterior
2109 1775 2229 1842 modus

214 1869 398 1953 aduersarij
433 1881 550 1933 contre
582 1887 645 1933 nos
680 1869 800 1947 citant,
821 1879 858 1931 vt
880 1868 1075 1944 ostendent,
1105 1865 1195 1952 quod
1245 1861 1347 1930 multe
1373 1863 1477 1930 hahet
1504 1864 1724 1929 incommode.
1775 1863 1850 1928 Non
1878 1863 1978 1928 docet
2005 1863 2066 1927 vti‘
2081 1861 2228 1938 Christo,

215 1955 300 2020 fides
323 1973 391 2018 non
413 1953 577 2031 iustificat,
598 1964 633 2018 et
653 1955 743 2039 quod
765 1973 948 2018 mereamur
965 1951 1195 2018 remissionem
1217 1946 1223 1992 ¹
1247 1971 1322 2016 cum
1355 1951 1572 2016 renascimur.
1622 1949 1698 2013 Nan
1727 1948 1828 2014 docet
1856 1947 2122 2014 iustificationem
2151 1965 2230 2011 esse

213 2052 427 2127 peccaterum
451 2051 484 2104 ct
501 2042 642 2124 gretiam
663 2058 849 2123 peraperte
870 2049 998 2103 nostre.
1029 2037 1097 2104 Sed
1120 2055 1195 2122 spe·
1218 2029 1222 2114 Ι
1246 2036 1476 2100 remissionem
1504 2045 1734 2119 peccatorum,
1761 2034 1837 2099 Non
1868 2036 1966 2100 docet
1991 2036 2084 2117 prins
2114 2034 2231 2097 remis·

213 2145 328 2190 ramus
355 2145 420 2188 nos
443 2126 508 2212 pijs
530 2125 750 2210 conscientijs
768 2125 852 2189 satis
874 2124 1082 2202 ostendisse,
1105 2121 1196 2208 quod
1219 2123 1223 2240 q
1246 2123 1374 2186 sionem
1405 2130 1619 2205 peccatorum
1660 2122 1853 2206 contingere
1865 2167 1875 2199 ,
1915 2141 2015 2206 quam
2049 2117 2229 2204 diligimus,

214 2210 248 2276 hi
280 2208 360 2274 loci
379 2231 447 2276 non
474 2211 695 2276 adnersentur
720 2221 857 2274 nostrae
879 2209 1073 2281 sententiae,
1106 2207 1195 2293 quod
1219 2243 1222 2332 p
1247 2207 1308 2272 sed
1341 2207 1454 2292 fingit,
1486 2207 1575 2291 quod
1599 2205 1771 2270 eliciamus
1800 2217 1911 2270 ectum
1935 2204 2139 2283 dilectionis,
2167 2223 2229 2287 per

214 2297 397 2377 aduersarii
419 2293 505 2361 mele
527 2297 743 2381 detorqueant
763 2295 948 2379 scripbrras
964 2294 1009 2363 ad
1031 2313 1112 2358 suas
1129 2292 1196 2376 opi·
1247 2313 1345 2377 quem
1369 2311 1552 2356 mereamur
1572 2292 1800 2357 remissionem
1823 2303 2056 2376 peccatorum,
2078 2311 2141 2356 nec
2170 2291 2229 2354 de·

141 2451 144 2457 ,
214 2385 350 2460 uiones,
384 2381 474 2466 quod
505 2379 707 2466 plaerosque
745 2377 843 2446 locos
877 2381 977 2446 citent
1009 2389 1196 2454 truncatos,
1246 2388 1301 2444 cet
1334 2377 1398 2444 fide
1425 2378 1458 2442 in
1486 2374 1655 2442 Christum
1687 2377 1822 2442 vincere
1854 2389 2003 2442 terrores
2032 2377 2161 2460 peceati
2195 2387 2229 2439 ct

215 2469 306 2554 quod
328 2467 463 2532 omissis
491 2465 577 2532 loeis
600 2464 795 2532 clarissimis
819 2468 862 2531 de
883 2464 968 2543 lide,
990 2475 1119 2531 tautum
1142 2483 1196 2527 ex·
1246 2464 1373 2531 mortis.
1427 2463 1489 2527 Fin
1514 2464 1540 2527 ‘t
1571 2463 1723 2528 homiues
1751 2462 1885 2547 propria
1917 2460 2114 2548 impleciuue
2142 2459 2228 2564 legis

215 2561 353 2638 cerpaut
385 2571 428 2616 ex
460 2552 635 2635 scripturis
662 2549 761 2618 locos
788 2552 831 2616 de
860 2553 1040 2636 operibus,
1069 2569 1196 2634 cosque
1218 2535 1224 2594 l
1246 2548 1408 2614 accedere
1426 2549 1469 2614 ad
1525 2549 1707 2635 eum,.sine
1728 2549 1951 2633 propiciatore
1974 2545 2120 2612 Christo.
2153 2547 2229 2610 em

194 2641 417 2722 deprenent,
446 2639 535 2724 qued
562 2639 684 2724 ubique
712 2634 874 2723 affingant
907 2636 1069 2701 humanas
1097 2654 1195 2721 quas·
1218 2643 1221 2680 ³
1245 2636 1293 2720 git
1320 2646 1439 2718 postea
1468 2637 1574 2718 ipsam
1595 2631 1824 2718 implecionem
1847 2632 1946 2719 legis,
1971 2635 2044 2698 sine
2066 2632 2229 2718 propicie-

215 2726 290 2791 dam
320 2725 511 2808 opiniones,
539 2735 674 2808 praeter
698 2725 732 2790 id
764 2724 856 2808 quod
877 2724 987 2804 ‚verba
1009 2722 1195 2806 scripturae
1246 2730 1320 2786 tore
1348 2719 1500 2798 Christo,
1522 2719 1685 2786 iusticiam
1707 2739 1800 2794 esse,
1820 2721 1953 2805 diguam
1977 2721 2084 2804 gratia
2105 2730 2139 2784 et
2159 2719 2229 2782 vita

214 2811 340 2888 dicunt,
362 2810 451 2892 quod
473 2807 584 2895 legem
605 2810 652 2872 ita
675 2810 834 2887 doceant,
856 2817 892 2872 vt
913 2804 1132 2892 Euangelium
1152 2806 1196 2869 de
1246 2817 1392 2872 aeterne.
1437 2803 1521 2870 Cum
1543 2817 1651 2870 tamen
1674 2807 1730 2870 vix
1751 2803 1926 2872 imbecillis
1945 2816 1979 2870 et
1999 2806 2122 2893 exigue
2142 2801 2229 2890 legia

214 2893 351 2961 Christo
368 2895 521 2960 obruent.
555 2892 639 2958 Tota
653 2894 738 2958 euim
752 2891 904 2959 doctriua
915 2892 1194 2970 aduersariorum,
1245 2890 1398 2977 lmplcoio
1423 2893 1594 2976 contingat
1613 2891 1710 2955 ctiam
1730 2891 1866 2956 sanctis.

213 2981 332 3065 partim
355 2989 406 3043 est
434 3000 456 3042 a
483 2979 611 3043 ratione
638 2975 784 3044 humens
811 2989 958 3063 sumpta,
990 2977 1110 3061 partim
1144 2985 1197 3042 est
1241 2992 1242 2995 ’
1332 2975 1459 3042 Verum
1486 2977 1591 3062 siquis
1616 2977 1777 3062 cogitabit
1803 2973 2020 3062 Euangelium
2048 2995 2117 3040 nou
2150 2993 2228 3040 esse

213 3065 367 3131 doctrina
392 3059 497 3152 legis,
531 3083 599 3130 non
620 3061 815 3150 Euangelij,
846 3061 945 3130 Duos
968 3065 1055 3128 euim
1076 3063 1222 3128 modos·
1245 3058 1371 3128 frustra
1391 3061 1502 3127 datum
1530 3062 1674 3140 mundo,
1703 3060 1872 3128 Christum
1899 3081 1967 3127 non
1998 3081 2077 3127 esse
2101 3059 2229 3126 frustra

213 3149 456 3226 iustificationis
484 3150 634 3228 tradunt,
656 3171 796 3236 quorum
817 3147 904 3215 alter
926 3162 979 3217 est
999 3159 1152 3233 sumptus
1174 3167 1195 3212 a
1245 3148 1458 3234 promissum,
1488 3145 1682 3226 exhibitum,
1714 3159 1837 3226 uatum,
1861 3167 2018 3232 passum,
2051 3148 2228 3212 resuscita·

213 3238 354 3314 ratione,
375 3233 462 3300 alter
481 3255 522 3299 ex
544 3233 632 3317 lege,
652 3257 720 3301 non
750 3257 792 3300 ex
814 3232 1012 3323 Euangelio,
1035 3253 1095 3299 seu
1117 3251 1195 3320 pro·
1246 3246 1325 3309 tum,
1357 3229 1513 3298 facillime
1544 3230 1708 3318 intelliget
1741 3253 1823 3312 nus,
1852 3235 1921 3297 n'on
1950 3252 1992 3298 ex
2014 3234 2143 3298 ratione
2171 3241 2229 3297 aut

214 3323 373 3388 missione
395 3322 436 3386 de
460 3310 607 3386 Christo.
1245 3318 1323 3405 lege
1351 3317 1532 3384 iustificari.
1587 3317 1659 3382 Nos
1693 3319 1794 3404 igitur
1822 3318 1973 3405 cogimur
2002 3319 2044 3384 de
2073 3317 2228 3384 iustihca-

300 3405 397 3470 Prior
414 3406 533 3470 modus
551 3404 794 3470 iustificationis
812 3415 865 3469 est
881 3406 969 3490 apud
981 3405 1087 3490 ipsos,
1105 3405 1195 3508 quod
1245 3405 1336 3469 tione
1358 3405 1536 3469 dissentire
1564 3405 1608 3469 ah
1630 3403 1845 3490 aduersarijs.
1889 3403 2111 3489 Euangelium
2140 3403 2227 3468 euim

213 3489 336 3558 docent
368 3489 520 3554 homiues
548 3508 610 3574 per
640 3492 728 3554 hone
756 3509 861 3574 opera
892 3491 1014 3556 mereri
1042 3500 1195 3576 gruttam,
1244 3486 1344 3554 alium
1366 3490 1497 3554 modum
1521 3489 1683 3567 ostendit,
1711 3487 1928 3576 Euangelium
1953 3491 2044 3576 cogit
2065 3490 2112 3555 vti
2134 3485 2227 3554 Chri·

212 3588 280 3644 tum
304 3579 347 3642 dc
365 3595 526 3660 congruo,
548 3585 615 3638 tum
638 3575 688 3652 de¹
702 3575 881 3660 condigno.
916 3573 980 3640 llic
1001 3575 1120 3638 modus
1142 3584 1196 3638 cst
1245 3585 1300 3638 sto
1323 3575 1355 3638 in
1379 3573 1630 3652 iustificatione,
1660 3577 1759 3641 docet
1779 3576 1869 3661 quod
1890 3595 1951 3660 per
1972 3577 2081 3661 ipsum
2103 3574 2228 3641 habea·

214 3665 366 3729 doctrine
394 3661 553 3739 rationis,
583 3659 660 3746 quia
689 3660 774 3724 ratio
795 3679 863 3724 uon
884 3661 1004 3726 videus
1025 3659 1194 3723 immundi·
1245 3678 1320 3726 mus
1348 3677 1521 3724 accessum
1550 3661 1593 3726 ed
1614 3657 1741 3739 Deum,
1773 3659 1973 3744 perfidem,
2008 3660 2107 3726 docet
2140 3661 2230 3746 quod

213 3749 297 3814 elem
325 3749 454 3820 cordis,
480 3746 581 3812 sentit
609 3766 647 3810 se
667 3747 715 3812 ita
741 3744 879 3831 placare
900 3742 1028 3822 Deam,
1056 3745 1085 3809 si
1110 3746 1194 3810 hene
1246 3745 1357 3830 ipsum
1374 3745 1596 3810 mediatorem
1625 3757 1658 3813 et
1684 3749 1939 3832 propiciatorem
1966 3747 2148 3813 debeamus
2171 3767 2231 3832 op·

213 3846 381 3920 operetur,
402 3845 435 3898 et
453 3843 631 3916 propterea
651 3833 794 3898 subinde
816 3828 882 3899 elie
902 3850 1023 3915 opera,
1044 3827 1101 3916 aiij
1124 3828 1195 3894 cul·
1219 3846 1222 3874 ¹
1246 3850 1372 3916 ponere
1394 3831 1463 3895 irae
1486 3829 1566 3910 Dei,
1594 3831 1693 3900 decet
1714 3832 1781 3898 lide
1802 3834 1836 3897 iu
1859 3831 2027 3898 Christum
2050 3833 2156 3918 accipi
2179 3853 2230 3898 rc·

214 3932 268 3987 tus
302 3922 345 3985 ab
378 3917 568 3984 hominihus
601 3919 635 3982 in
667 3919 797 4004 magnis
830 3914 985 4002 perieulis
1014 3917 1193 4002 excogitati
1218 3893 1222 3998 l
1247 3919 1441 3982 missionem
1478 3930 1711 4002 peccatorum,
1753 3929 1786 3983 et
1828 3916 2151 3996 reconciliationem,
2196 3929 2230 3983 et

213 4017 308 4084 suut,
342 4007 506 4072 aduersus
542 4016 690 4070 terrores
721 4004 957 4070 conscientiae.
1006 4000 1133 4067 Gentes
1161 4012 1194 4068 et
1218 4003 1221 4082 l
1246 4004 1332 4068 vinci
1355 4016 1502 4067 terrores
1524 4005 1655 4087 peceati
1677 4015 1711 4068 et
1733 4004 1858 4070 mortis.
1905 4005 1954 4070 lta
1978 4016 2011 4069 et
2028 4001 2153 4070 Paulus
2170 4005 2227 4086 ait,

213 4089 384 4156 lsraelitae
421 4100 650 4156 macteuerunt
688 4086 850 4154 humanas
878 4087 1027 4166 hostias,
1064 4098 1097 4151 et
1127 4085 1194 4153 elia
1218 4091 1221 4150 i
1244 4089 1413 4154 lusticiam
1447 4109 1526 4154 esse
1553 4109 1619 4154 non
1649 4109 1691 4154 ex
1719 4087 1815 4176 lege,
1844 4090 1905 4154 sed
1929 4109 1971 4154 ex
1993 4091 2227 4175 promissione,

213 4173 317 4240 multa
350 4176 526 4240 durissima
559 4194 661 4259 opera
688 4184 925 4260 susceperunt,
957 4186 994 4238 ut
1021 4171 1193 4256 placarent
1217 4155 1220 4227 l
1244 4175 1277 4239 iu
1304 4195 1370 4260 qua
1391 4175 1542 4257 promisit
1568 4184 1682 4258 pater,
1703 4178 1793 4261 quod
1816 4172 1896 4241 velit
1918 4178 2114 4262 ignescere,
2136 4176 2226 4261 quod

211 4261 293 4326 iram
315 4258 397 4340 Dei,
417 4256 542 4325 Postea
564 4259 740 4346 excogitati
761 4273 840 4325 sunt
860 4255 1082 4328 Monachatus
1104 4270 1140 4322 et
1158 4255 1193 4322 hi
1217 4246 1220 4310 l
1244 4257 1325 4325 velit
1358 4257 1567 4326 reconditas
1600 4271 1736 4344 propter
1764 4260 1951 4340 Christum,
1990 4259 2082 4326 llaec
2115 4271 2226 4326 autem

213 4355 424 4410 certauerunt
443 4347 531 4410 iuter
551 4365 590 4411 se
611 4348 795 4412 acerbitate
817 4347 1098 4421 obseruationum,
1116 4362 1192 4409 con·
1217 4329 1220 4396 l
1266 4347 1421 4411 remissio
1444 4343 1519 4411 sola
1542 4344 1608 4410 lide
1629 4347 1800 4431 accipitur,
1822 4359 1858 4411 vt
1880 4357 2023 4412 testatur
2032 4345 2159 4412 Paulus
2181 4347 2225 4412 ad

211 4441 264 4494 tra
287 4438 435 4495 terrores
458 4432 695 4509 conscientiae,
716 4433 935 4497 contrairem
957 4429 1032 4496 Dei.
1076 4428 1120 4496 Et
1137 4428 1191 4493 hie
1216 4397 1220 4500 l
1242 4367 1339 4495 Hom.
1384 4429 1466 4516 Cep.
1490 4431 1547 4516 iiij.
1591 4431 1686 4497 llaec
1706 4431 1791 4497 fides
1813 4429 1887 4498 sola
1916 4433 2036 4518 accipit
2057 4433 2225 4498 remissio·

211 4514 332 4581 medus
354 4515 614 4596 iustificationis,
641 4517 719 4601 quie
746 4530 798 4583 est
828 4515 1018 4594 rationalis,
1047 4526 1080 4582 et
1100 4526 1192 4582 totus
1215 4547 1219 4592 t
1242 4535 1317 4582 uem
1346 4527 1578 4600 peecatorum,
1606 4515 1781 4596 iustificat,
1805 4530 1839 4584 et
1859 4539 1897 4583 re
1922 4531 2048 4584 encrat.
2092 4516 2225 4584 Deinde

210 4609 368 4668 versatur
396 4599 431 4662 in
460 4604 606 4668 externis
632 4602 806 4687 operibus,
838 4599 976 4688 intelllgi
999 4610 1129 4684 potest,
1157 4612 1192 4666 et
1216 4598 1219 4682 ξ
1242 4602 1392 4686 sequitur
1412 4598 1558 4680 dilectio,
1579 4614 1613 4668 et
1635 4605 1761 4669 caeteri
1790 4606 1867 4668 boui
1896 4539 2037 4670 Fructus.
2082 4604 2141 4670 Sic
2161 4605 2223 4691 igi-

210 4697 378 4770 vtcunque
399 4689 573 4768 praestari.
618 4686 661 4752 Et
680 4688 725 4752 ad
747 4685 837 4752 huno
855 4686 1058 4753 Canouistae
1080 4687 1191 4753 detor·
1215 4708 1219 4754 t
1241 4700 1295 4752 tur
1317 4688 1477 4753 docemus
1498 4687 1664 4754 hominem
1684 4689 1868 4770 iustificari,
1891 4701 1926 4755 vt
1946 4689 2224 4773 supradiximus,

210 4783 328 4838 serunt
349 4768 575 4836 ordinationes
592 4769 864 4851 Ecclesiastices,
885 4771 975 4837 male
990 4771 1191 4852 intellectas,
1215 4757 1219 4812 Ι
1241 4794 1316 4839 eum
1346 4775 1549 4838 couscientia
1576 4775 1689 4840 territa
1716 4775 1965 4860 praedicatione
1986 4775 2221 4858 poenitentiae,

210 4877 297 4944 quae
330 4877 351 4922 a
382 4855 532 4943 patribus
565 4853 668 4943 longe
694 4857 761 4925 elic
798 4855 939 4925 consilio
966 4855 1076 4924 luctae
1100 4870 1191 4938 suut,
1241 4859 1379 4944 erigitur
1408 4873 1440 4923 ct
1468 4861 1575 4926 credit
1602 4879 1641 4925 se
1670 4859 1797 4926 habere
1818 4857 1926 4926 Deum
1955 4857 2122 4944 placetum
2142 4881 2221 4946 pro·

209 4961 330 5028 nempe
361 4962 428 5011 nou
460 4955 498 5008 vt
523 4961 582 5027 per
608 4962 714 5029 opere
743 4939 802 5010 llla
832 4962 1067 5029 quaereremus
1098 4944 1190 5009 iusti·
1240 4955 1314 5028 pter
1340 4941 1519 5010 Christum.
1564 4944 1658 5011 llaec
1686 4944 1772 5012 fides
1799 4946 1978 5029 imputatur
1999 4967 2061 5030 pro
2086 4947 2220 5013 iusticia

209 5029 307 5107 eiam,
331 5028 393 5094 sed
423 5039 461 5096 ut
487 5030 571 5094 ordo
600 5029 732 5115 quidem
778 5040 890 5116 ropter
917 5025 1187 5116 tranquillitatem
1240 5049 1353 5095 coram
1384 5026 1478 5118 Deo,
1509 5029 1711 5098 liumaiii'.
1754 5030 1899 5097 Etcum
1927 5029 1996 5096 hoc
2027 5032 2126 5100 modo
2159 5052 2220 5098 cor

208 5111 378 5181 hominum
409 5116 494 5180 inter
525 5134 583 5193 se,
615 5115 649 5180 iu
681 5112 731 5178 Ec
764 5116 836 5180 esie
867 5125 968 5180 esset.
1019 5116 1073 5182 Ad
1099 5113 1189 5180 huuc
1239 5115 1378 5202 erigitur
1409 5128 1442 5182 et
1469 5115 1654 5184 viuifictuur
1680 5052 1765 5196 hdo,
1792 5117 1939 5202 concipit
1967 5117 2114 5202 spiritum
2142 5137 2218 5183 seu·

210 5199 343 5268 modum
366 5199 583 5268 deterserunt
601 5210 635 5266 et
653 5210 867 5266 samameute
888 5198 1187 5286 maximequeblls·
1238 5212 1344 5275 cturm
1365 5202 1422 5288 qui
1449 5215 1590 5270 renouat
1609 5222 1692 5284 uos,
1713 5213 1751 5269 vt
1770 5201 1882 5290 legem
1902 5199 2016 5270 facere
2036 5205 2219 5290 possimus,
