4894 5672
204 277 269 364 tn
649 287 763 356 run.
783 285 890 384 ntae.
907 283 1098 354 somma
1118 279 1392 350 coenamus
1411 279 1762 352 memnones.
2151 284 2218 355 ιιι
2390 240 2395 248 ’
2439 257 2440 270 '

205 482 300 556 Quos
320 479 525 556 iustificanit,
549 477 686 542 eosdem
709 485 742 540 et
765 471 975 560 glorificauit.
1013 473 1087 540 Huc
1108 473 1183 558 per·
1234 479 1346 534 terant
1366 489 1410 534 ex
1431 479 1556 541 ¹natura
1582 467 1689 556 legis,
1717 471 1914 557 quosquis
1939 469 2096 559 bugiora
2123 487 2216 553 ιιιιιι,

204 569 288 634 tinet
313 568 404 654 quod
432 562 558 629 Paulus
585 564 651 641 ait,
681 559 844 646 Reposito
870 570 926 624 est
950 559 1029 624 mibi
1056 575 1185 624 corona
1206 497 1213 612 l
1234 553 1302 621 alio
1325 556 1359 619 in
1381 553 1459 620 loco
1482 551 1681 637 explicanda
1701 567 1807 658 erunt.

205 653 369 732 iusticiae,
392 645 1183 736 qnamreddetmihidominusiustusindexetc.
1322 638 1788 726 Verumvrgentaduersarq,
1810 643 2049 729 quodpropric
2063 664 2214 711 moreau.

205 738 357 804 Debetur
386 737 473 802 enim
502 754 627 800 corona
655 733 843 814 iustihcatis
874 745 1012 817 propter
1043 732 1184 816 promis·
1235 725 1411 792 turritam
1432 737 1602 792 aeternam
1625 728 1715 792 hona
1741 747 1862 812 opera,
1889 729 1966 812 quia
1987 727 2112 796 Paulos
2134 733 2215 799 dicit

205 827 346 891 sionem.
368 821 411 886 Et
422 821 512 886 hanc
522 819 776 904 promissionem
787 818 876 884 scire
888 829 1028 884 sanctos
1040 827 1185 900 oportet,
1235 809 1354 876 Roma.
1377 812 1412 896 ij.
1447 809 1577 878 Reddet
1598 813 1776 898 unicuique
1797 816 1981 880 secundum
2004 835 2108 899 opera
2129 819 2221 884 eius.

205 930 275 979 ιιοιι
295 920 332 975 vt
353 917 496 994 propter
517 925 614 972 suum
637 905 846 969 commodum
863 899 1030 982 laborent,
1051 901 1186 967 Debent
1236 898 1329 979 item,
1350 894 1458 981 gloria
1464 943 1476 975 ,
1499 896 1624 976 honor,
1648 909 1682 962 et
1704 919 1772 982 pax
1795 901 1883 964 omni
1906 903 2061 984 operanti
2079 905 2214 971 bonum.

207 999 294 1062 enim
315 992 472 1059 laborare
493 1002 630 1076 propter
653 989 794 1076 gloriam
815 987 893 1066 Dei,
915 990 977 1053 sed
999 1009 1043 1054 ne
1064 989 1183 1071 despe-
1235 979 1395 1047 ichemu.
1408 981 1738 1068 quihonalecerunt,
1759 986 1792 1048 in
1815 987 2095 1052 resurrectionem
2113 989 2213 1068 vitae,

205 1092 282 1148 rent
299 1079 335 1144 in
356 1076 591 1144 afflictionibus
598 1120 609 1157 ,
631 1077 720 1141 scire
741 1086 955 1160 cos-oportet
976 1072 1183 1140 voluntatem
1236 1065 1356 1132 bletth.
1367 1089 1449 1134 xxv.
1481 1067 1626 1146 Esuriui,
1645 1079 1678 1134 et
1689 1070 1829 1136 dedistis
1841 1069 1920 1136 mihi
1931 1073 2134 1139 manducare
2145 1085 2213 1141 etc.

206 1166 290 1245 Dei,
344 1167 413 1232 uod
441 1160 520 1228 velit
552 1181 613 1227 eos
645 1163 820 1239 adiuuare,
852 1161 998 1244 eripere,
1030 1171 1180 1225 seruare.
1235 1153 1273 1218 ln
1294 1153 1348 1218 his
1369 1150 1457 1220 locis
1479 1165 1512 1218 et
1533 1152 1697 1220 similibus
1719 1157 1885 1235 omnibus,
1908 1159 1943 1222 in
1964 1159 2087 1242 quihus
2109 1179 2214 1243 opera

207 1252 281 1318 Etsi
304 1185 402 1316 aliter
421 1247 574 1334 perlecti,
596 1245 694 1313 aliter
704 1247 825 1313 infirmi
837 1247 973 1312 audiunt
984 1247 1184 1310 mentionem
1235 1237 1658 1324 laudanturinscripturis,
1681 1261 1825 1307 necesse
1846 1254 1902 1308 est
1923 1241 2123 1330 intelligere,
2145 1267 2214 1312 non

208 1357 392 1426 poenarum
410 1346 444 1400 et
460 1335 673 1419 premiorum.
707 1332 791 1397 Nam
812 1331 933 1397 iniirmi
954 1329 1110 1396 laborant
1131 1331 1184 1395 sui
1237 1335 1513 1390 tantumexterna
1531 1345 1647 1410 opera,
1670 1326 1732 1392 sed
1752 1325 1850 1393 iidem
1868 1331 1966 1394 etiam
1987 1331 2115 1409 cordis,
2136 1333 2214 1418 quia

208 1423 373 1490 commodi
404 1440 515 1487 causa.
571 1417 615 1482 Et
641 1431 754 1483 tamen
775 1417 960 1502 predicatio
983 1418 1183 1502 premiorum
1235 1412 1401 1494 scriptura
1419 1432 1488 1476 non
1510 1409 1657 1497 loquitur
1679 1413 1721 1477 ‹lc
1743 1409 1790 1500 hy
1814 1415 1928 1494 occisi,
1949 1416 2010 1480 sed
2028 1417 2214 1484 deiustioia

208 1522 241 1576 et
261 1527 443 1594 poenarum
462 1505 657 1571 necessaria
679 1516 740 1569 est.
784 1503 822 1568 ln
849 1501 1076 1588 predicatione
1104 1521 1183 1586 poe·
1237 1498 1350 1564 cordis
1373 1495 1635 1564 cum-fructibus
1658 1499 1742 1564 suis.
1809 1501 1916 1566 uoties
1933 1511 2044 1566 nutem
2066 1502 2104 1568 iit
2125 1523 2215 1568 men·

207 1614 325 1660 narum
347 1593 396 1657 ira
418 1589 483 1656 Dei
506 1591 711 1669 ostenditur,
733 1608 838 1674 quare
857 1588 902 1652 ad
924 1588 1183 1673 predicationem
1235 1583 1289 1648 cio
1312 1579 1398 1666 legis
1422 1593 1457 1647 et
1479 1603 1633 1734 ogerum,
1662 1585 1835 1651 sciendum
1857 1597 1929 1665 est,
1959 1588 2049 1672 quod
2078 1608 2147 1654 non
2169 1590 2215 1656 sit

206 1680 429 1764 poenitentiae
457 1677 609 1760 pertinet.
653 1675 689 1740 ln
716 1673 944 1761 predicatione
970 1674 1182 1757 premiorum,
1236 1666 1468 1734 excludendus
1522 1669 1647 1734 hristus
1669 1671 1842 1736 mediator.
1887 1670 1921 1735 ls
1948 1684 2002 1738 est
2028 1675 2116 1739 enim
2136 1673 2213 1740 linis

207 1767 315 1852 gratia
335 1763 532 1841 ostenditur,
552 1761 596 1826 Et
616 1761 704 1827 sicut
725 1758 1184 1910 scriqttura'saepementione
1234 1752 1334 1840 tegis,
1357 1765 1391 1818 et
1411 1755 1485 1837 ipse
1505 1756 1627 1857 inquit,
1648 1755 1728 1860 Sine
1750 1775 1803 1821 mc
1824 1755 1907 1822 nihil
1928 1759 2075 1865 potestis·
2087 1755 2213 1826 lacere.

208 1854 386 2022 tttttt.
404 1843 1069 2010 tttttttfiltnt'tittitichi
1085 1865 1183 1997 titt
1233 1837 1737 2026 tnttittltdittl‘
1754 1845 2215 2015 titttntttidtt

209 2023 289 2088 dum
315 2041 390 2087 oum
418 2019 496 2108 alijs
523 2017 677 2104 premijs,
711 2016 811 2084 simul
836 2015 935 2084 offert
961 2018 1119 2102 gratiam,
1147 2028 1184 2081 vt
1235 2013 1323 2076 ditur
1343 2013 1412 2076 vita
1434 2021 1585 2089 aeterna,
1607 2013 1757 2078 redditur
1777 2013 1979 2095 iustihcatis,
2002 2020 2080 2103 quia
2100 2035 2211 2103 neque

208 2105 381 2192 rsatvttj.
404 2117 438 2172 et
459 2125 561 2188 saepe
581 2102 667 2169 alias
689 2105 780 2189 apud
799 2102 995 2188 Prophetas.
1028 2101 1184 2167 Fatemur
1233 2099 1321 2163 bene
1343 2099 1475 2180 operari
1496 2109 1638 2182 possunt
1658 2096 1828 2178 homines,
1854 2102 1919 2166 uisi
1940 2101 2126 2176 iustificati,
2154 2104 2211 2189 qui

211 2205 245 2259 et
265 2194 348 2281 hoc,
370 2193 461 2277 quod
482 2210 586 2274 saepe
606 2191 718 2255 testati
740 2209 873 2268 sumus,
895 2190 985 2276 quod
1008 2190 1072 2253 etsi
1093 2189 1184 2254 iusti·
1239 2192 1384 2270 aguntur
1405 2185 1522 2267 spiritu
1534 2183 1667 2250 Christi.
1701 2183 1773 2250 Nec
1790 2189 1864 2251 sine
1880 2188 2063 2254 mediatore
2074 2187 2210 2254 Christo

209 2280 322 2345 hoedo
351 2291 383 2343 et
409 2279 477 2343 vita
503 2289 641 2342 aeterna
669 2278 712 2340 ad
738 2273 837 2340 fidem
864 2275 1046 2359 pertinent,
1074 2287 1185 2339 tamen
1236 2281 1270 2334 et
1291 2269 1357 2332 lide
1383 2266 1519 2353 placent
1547 2272 1636 2336 hona
1662 2289 1766 2355 opera
1794 2274 1887 2337 iuxta
1914 2272 2016 2356 illud,
2044 2276 2125 2342 Sine
2145 2275 2211 2341 lide

210 2367 302 2431 bona
332 2383 437 2448 opera
467 2373 654 2427 mereantur
684 2359 751 2425 alia
779 2361 905 2462 premia
934 2381 992 2464 co·
1018 2357 1123 2424 oralia
1151 2370 1185 2424 et
1235 2353 1448 2461 impossibile·
1473 2367 1526 2460 est
1557 2353 1693 2440 placere
1723 2355 1817 2437 Deo,
1850 2357 1932 2425 Cum
1964 2361 2046 2466 dicit
2071 2357 2211 2468 l'aulqs,

210 2448 992 2642 tttttltttttiittttitta“ft‘t.
1007 2443 1186 2636 {3¹3¹thss
1236 2438 1572 2632 itiitititt
1593 2444 2210 2677 tthtttttt.t¹ttttdti

210 2617 794 2792 lll÷.¹.l.⁸l⁰¹3..³dl¹1⁸}¹.¹lt.‘¹lli
809 2631 1187 2768 latinitat
1236 2610 1880 2766 {dimititdtnuttan?
1902 2617 2046 2769 litte.
2059 2614 2211 2769 *tat

210 2794 485 2871 deificationem,
512 2790 583 2857 Sed
609 2788 763 2882 implecio
793 2725 895 2876 hgin,
922 2807 1010 2875 quae
1036 2789 1187 2874 seqnitur
1237 2786 1382 2852 monium
1398 2785 1551 2850 iusticiae
1570 2787 1695 2865 cordis,
1716 2785 2027 2875 etiideiallegatur,
2049 2789 2214 2855 Redditur

210 2879 310 2945 iidem
332 2889 486 2944 versetur
507 2878 600 2942 circa
620 2875 742 2962 legem,
764 2879 797 2940 in
818 2895 886 2961 qua
902 2894 970 2966 non
982 2875 1101 2962 gratis,
1123 2877 1186 2941 sed
1238 2873 1338 2959 igitur
1358 2871 1427 2936 vita
1443 2881 1580 2936 aeterna
1596 2873 1756 2938 iusticias.
1789 2874 1844 2938 Ad
1865 2872 1955 2940 hunc
1974 2875 2109 2944 modum
2130 2877 2213 2941 scri·

234 2985 274 3030 ro
300 2965 427 3030 nostris
454 2963 611 3046 operibus
639 2961 776 3028 oiicrtur
807 2973 841 3026 et
872 2961 1012 3027 debetur
1041 2980 1187 3040 merces,
1237 2969 1334 3043 ptura
1354 2951 1452 3022 simul
1474 2955 1703 3042 complectitur
1725 2959 1887 3024 iusticiam
1910 2962 2023 3027 cordis
2046 2981 2122 3028 cum
2143 2959 2213 3028 iro·

210 2987 281 3118 gad
303 3051 361 3137 qui
381 3050 471 3114 hanc
492 3059 671 3126 merentur,
691 3049 785 3131 prins
795 3046 965 3114 iustificati
975 3058 1066 3126 suut,
1087 3067 1187 3133 quam
1240 3044 1366 3122 cutus,
1396 3041 1439 3106 Et
1460 3061 1564 3129 saepe
1583 3042 1714 3110 fructus
1735 3046 1902 3122 nominat,
1929 3056 1967 3112 vt
1986 3049 2031 3112 ab
2053 3047 2213 3134 imperitis

211 3136 321 3223 legem
343 3133 477 3216 faciunt,
499 3134 614 3220 ltaque
634 3135 728 3218 prins
750 3145 828 3203 sunt
838 3130 990 3198 translati
1000 3135 1033 3198 in
1045 3153 1187 3219 regnam
1240 3129 1349 3216 magis
1371 3124 1596 3214 intelligatur,
1621 3141 1656 3194 et
1681 3141 1717 3195 vt
1746 3129 1912 3216 significet
1938 3133 2062 3218 requiri
2091 3153 2216 3200 nouam

136 3251 147 3265 .
211 3223 272 3309 iilij
296 3221 380 3301 Dei,
401 3231 438 3286 vt
460 3217 669 3298 Paulus'ait,
690 3231 725 3285 et
741 3217 820 3284 facti
842 3217 1027 3295 coheredes
1050 3216 1187 3285 Christi.
1242 3217 1344 3282 vitam
1357 3225 1391 3279 et
1401 3217 1700 3300 regenerationem,
1721 3235 1790 3280 non
1801 3216 2006 3302 hypocrisin.
2039 3218 2215 3285 Fitantem

212 3309 283 3375 Sed
304 3307 506 3391 aduersarij,
536 3305 669 3392 quoties
696 3307 741 3372 de
769 3306 886 3371 merito
909 3305 1048 3384 dicitur,
1074 3306 1187 3370 statim
1238 3302 1450 3388 regeneratio
1472 3301 1539 3367 fide
1559 3301 1594 3366 in
1614 3303 1825 3386 poenitentia.
1877 3303 1983 3369 Nemo
2006 3322 2110 3371 sanus
2132 3305 2214 3371 iudi·

211 3389 420 3460 trarrsferunt
445 3412 516 3456 rem
544 3412 565 3455 a
593 3387 729 3477 reliquis
755 3391 911 3477 premijs,
948 3392 993 3456 ad
1031 3389 1188 3455 iustilioa·
1239 3407 1319 3453 care
1339 3386 1437 3453 aliter
1456 3397 1579 3471 potest,
1600 3407 1664 3453 nec
1684 3407 1749 3452 nos
1771 3384 1916 3474 aliquam
1936 3390 2088 3456 ociosum
2109 3392 2214 3457 subtl-

212 3481 348 3556 tionem,
360 3497 435 3542 cum
444 3474 662 3562 Euangelium
675 3477 779 3562 gratis
791 3476 908 3542 oiieret
918 3473 1187 3541 iustificationum
1239 3471 1366 3538 litatem
1398 3471 1453 3537 hie
1485 3471 1695 3552 affectamus,
1732 3484 1770 3539 vt
1801 3471 1998 3540 diuellamus
2031 3473 2160 3543 fructus
2192 3497 2215 3542 a

212 3575 351 3651 propter
362 3559 486 3627 Christi
497 3561 623 3633 merita,
645 3582 715 3626 non
732 3572 860 3639 nosne,
880 3559 1050 3624 Etmerita
1061 3559 1186 3625 Christi
1240 3559 1370 3624 iusticia
1393 3559 1524 3638 cordis,
1550 3561 1581 3623 si
1608 3569 1735 3624 tantum
1761 3559 1947 3646 aduersarii
1972 3564 2215 3644 concesserint,

123 3697 125 3701 -
213 3649 497 3716 communicantur
522 3647 621 3711 uobis
648 3665 710 3731 per
734 3645 842 3711 iidem.
887 3643 1063 3710 Caeterum
1084 3665 1188 3730 opera
1240 3645 1331 3730 qnod
1352 3641 1484 3708 i'ruotus
1505 3656 1642 3728 propter
1663 3645 1761 3709 iidem
1772 3654 1805 3710 et
1816 3644 2033 3712 mediatorem
2046 3646 2215 3716 Christum

212 3747 248 3803 at
273 3732 477 3800 afflictiones
502 3742 690 3812 merentur,
717 3751 785 3798 non
812 3728 1097 3809 iustificationem,
1126 3730 1188 3796 sed
1238 3727 1410 3816 placeant,
1438 3748 1506 3794 non
1534 3732 1602 3795 sint
1626 3749 1686 3816 per
1712 3749 1806 3808 sese,
1836 3731 1928 3818 digni
1957 3735 2064 3820 gretia
2092 3736 2216 3801 atrita

212 3820 279 3887 alia
299 3821 443 3904 premia,
471 3831 508 3886 rt
530 3821 563 3883 in
583 3819 637 3882 his
655 3817 845 3905 sententijs,
874 3835 1005 3884 memes
1029 3817 1187 3903 operibus
1239 3827 1388 3880 aeterna.
1421 3815 1497 3880 Hoc
1512 3817 1599 3880 enim
1614 3815 1889 3902 reprehendimus
1902 3819 1935 3882 in
1946 3819 2217 3887 adersariomm

153 3941 158 3948 ·
214 3907 360 3973 offertur.
407 3905 472 3978 Qui
494 3906 777 3988 parceseminat,
804 3922 907 3989 parce
930 3913 1049 3983 metet,
1077 3901 1188 3989 etqui
1240 3901 1409 3979 doctrina,
1436 3902 1525 3987 quod
1555 3899 1677 3978 talibus
1704 3899 1788 3968 locis
1812 3903 1996 3986 scripturae
2018 3925 2080 3972 seu
2103 3905 2216 3972 Philo·

213 3993 352 4090 largiter
373 3992 531 4069 seminat,
557 3990 696 4078 largiter
716 4002 826 4056 metet.
869 3990 934 4056 Hic
955 3987 1046 4053 clare
1067 3990 1188 4054 modus
1239 3988 1380 4073 sophico
1403 4007 1464 4053 seu
1487 3987 1619 4053 ludaico
1641 4009 1734 4053 more
1754 3987 1933 4056 intellectis
1955 3989 2092 4058 abolent
2120 3993 2214 4058 iusti-

116 4137 119 4146 .
213 4081 392 4156 mercedis,
412 4078 456 4142 ad
477 4077 610 4142 modum
633 4077 745 4161 operis
767 4071 949 4142 confertur.
981 4076 1119 4141 Honora
1129 4097 1188 4160 pa·
1240 4077 1325 4141 ciam
1346 4072 1436 4152 fidoi,
1457 4085 1491 4138 et
1511 4071 1693 4139 excludunt
1713 4076 1927 4140 mediatorem
1946 4074 2127 4144 Christum.
2152 4077 2215 4144 ttx

213 4176 299 4232 trem
319 4175 354 4229 et
374 4173 525 4242 matrem,
545 4174 582 4229 vt
602 4164 652 4228 sis
673 4160 839 4268 longeuus
859 4182 961 4247 super
977 4174 1112 4226 terram.
1145 4160 1190 4225 Et
1239 4161 1293 4225 his
1311 4158 1399 4224 locis
1410 4161 1663 4240 ratiocinantur,
1686 4161 1776 4245 quod
1797 4161 1882 4226 baec
1905 4183 2006 4247 opera
2024 4175 2215 4230 mereantur

214 4248 270 4314 hic
291 4249 449 4336 proponit
469 4245 524 4314 lex
543 4259 636 4314 corto
654 4267 746 4332 open
758 4249 957 4313 mercedem.
991 4247 1189 4333 Quanquam
1241 4245 1393 4334 gratiam,
1414 4241 1499 4310 alias
1522 4246 1564 4312 de
1586 4265 1749 4332 congruo,
1772 4243 1857 4312 alias
1880 4247 1921 4312 de
1939 4249 2118 4336 condigno,
2141 4269 2217 4314 cum

215 4335 316 4422 igitur
336 4333 423 4421 legis
450 4331 603 4418 implaeio
632 4345 778 4400 meretur
805 4336 1005 4400 mercedem.
1049 4331 1190 4416 Proprie
1239 4329 1396 4399 videlieet
1418 4331 1549 4396 accedit
1570 4330 1722 4412 dilectio,
1751 4334 1785 4397 id
1807 4344 1878 4413 est,
1907 4336 1998 4418 quod
2024 4334 2218 4416 iustilioent,

218 4419 306 4486 enim
326 4439 456 4486 meroes
477 4422 522 4486 ad
543 4417 655 4507 legem
680 4422 839 4506 pertinet,
866 4432 976 4486 mmen
1001 4418 1191 4486 meminisse
1241 4430 1275 4484 et
1294 4418 1374 4502 quia
1394 4417 1461 4480 sint
1481 4417 1629 4496 iusticia,
1658 4420 1760 4504 digna
1781 4420 1848 4483 sint
1869 4422 1938 4485 vita
1959 4433 2108 4486 aeterna.
2153 4421 2218 4488 llio
2267 4415 2276 4426 ’

218 4523 283 4572 nos
303 4503 478 4591 Euangelij
499 4529 520 4571 c
566 4515 646 4578 rtet,
677 4506 766 4593 quod
812 4505 893 4570 ratis
915 4505 1013 4570 offert
1034 4503 1191 4572 iustifica-
1242 4499 1531 4570 errormanifeste
1558 4501 1672 4569 abolet
1699 4505 1862 4570 iusticiam
1888 4503 1982 4582 fidei,
2010 4508 2219 4592 quassantia

219 4593 491 4675 tionempropter
529 4593 680 4678 hristum,
701 4591 773 4657 Nec
789 4527 904 4677 lagen
925 4593 1018 4676 prius
1038 4589 1192 4668 facimus,
1213 4636 1219 4688 Ι
1242 4589 1332 4674 quod
1353 4607 1529 4654 accessum
1551 4591 1595 4664 ad
1617 4589 1726 4656 Deum
1754 4588 1937 4656 habeamus
1964 4606 2102 4678 propter
2124 4590 2219 4657 Chri·

218 4689 277 4745 aut
296 4674 412 4743 iacere
432 4693 612 4760 possumus
635 4697 733 4763 quam
754 4675 961 4742 reconciliati
984 4676 1079 4756 Deo,
1101 4675 1193 4742 iusti·
1242 4687 1347 4753 stum,
1375 4695 1443 4739 non
1465 4688 1601 4762 propter
1621 4695 1725 4759 opera
1746 4687 1881 4754 nostra,
1909 4697 1996 4764 qnae
2023 4680 2127 4744 sentit
2153 4695 2219 4744 nos

215 4763 325 4841 licati,
359 4775 393 4828 et
423 4763 530 4826 renati
560 4782 687 4830 sumus.
739 4763 811 4828 Nec
837 4759 894 4827 illa
922 4760 1009 4849 legis
1039 4759 1192 4846 impleoio
1286 4781 1303 4825 r
1330 4760 1519 4846 pontificem
1547 4775 1581 4826 et
1602 4762 1818 4829 mediatorem
1840 4762 2010 4830 Christum
2032 4765 2154 4830 adduci
2175 4763 2220 4830 ad

276 4859 367 4950 caret
388 4847 482 4927 Deo,
494 4849 572 4952 ‘nisi
596 4859 733 4934 propter
753 4848 852 4914 iidem
875 4867 1027 4915 essemus
1049 4849 1190 4953 accepti,
1265 4857 1388 4952 atram,
1409 4857 1443 4912 et
1464 4847 1588 4913 hahere
1609 4847 1777 4956 placatum
1797 4860 1938 4954 patrem,
1960 4863 1998 4955 vt
2019 4871 2124 4956 supra
2135 4849 2221 4915 satis

216 4947 377 5085 ..tiit
394 4932 1009 5106 dtttt'..t³.⁰⁹itt..ii.⁶¹t.ttt‘
1027 4944 1193 5086 titt
1243 4931 2223 5110 tititttd‘.lettittt‘lttt'ttitt.”tt

215 5107 404 5171 mercedem
425 5107 459 5171 in
480 5106 654 5184 haesita,
685 5116 719 5170 et
749 5119 828 5191 post
860 5105 950 5173 hano
981 5108 1094 5172 vitam.
1137 5104 1192 5171 De
1242 5123 1311 5170 non
1343 5117 1456 5188 potest
1488 5104 1634 5172 cilicium
1666 5105 1789 5174 Christi
1822 5109 1989 5194 conspici,
2025 5119 2059 5175 et
2090 5109 2223 5196 reliqua

78 5279 83 5288 ῃ
216 5191 351 5257 nomine
369 5193 536 5259 mercedis
557 5191 741 5278 piaeraque
761 5189 828 5258 alia
847 5192 904 5259 hio
925 5193 1024 5258 etiam
1045 5193 1112 5258 dici
1132 5209 1193 5278 poa
1243 5193 1396 5260 doctrina
1416 5193 1678 5272 iustificationis,
1707 5203 1834 5261 motum
1862 5205 1917 5260 est
1943 5195 2096 5262 ᾱοοιιιιο
2114 5193 2222 5283 legia.
