4894 5672
204 272 274 344 em
481 215 486 222 ³
654 263 1771 340 mmsmrrracoouanormsumaon.
2155 269 2222 338 aar

209 463 315 532 verbo
336 457 418 542 Dei,
447 461 503 528 Ac
522 479 586 528 uos
607 457 731 526 elarius
753 458 910 537 dicimos,
931 457 1021 524 meat
1039 469 1188 524 terroms
1210 485 1217 568 1
1240 455 1430 522 ohedientia
1451 472 1533 544 erge
1552 455 1664 542 lapan
1685 457 1818 535 dicunt,
1845 456 1922 522 Neu
1943 457 2059 523 dicut
2077 461 2123 524 ds
2143 461 2223 526 obe

208 549 338 637 peccati
360 561 394 613 et
414 548 542 628 mortis,
564 567 631 612 non
654 557 732 611 sunt
751 555 878 609 tuntum
900 544 1119 628 oogtuttoms
1140 543 1189 606 in·
1241 543 1363 609 dictitia
1394 561 1477 630 erga
1510 539 1744 628 Euangelium
1783 542 1866 607 Cum
1906 553 2017 614 tamen
2056 543 2123 630 legi
2155 563 2224 610 noa

209 632 377 712 tollemus,
403 635 465 700 sed
488 636 586 699 etiam
607 628 786 698 horribiles
806 640 917 696 motos
937 627 1119 695 voluntatis
1138 626 1189 694 iu·
1239 629 1409 714 possimus
1431 629 1581 706 obedire,
1601 631 1667 694 nisi
1689 629 1795 694 renati
1815 648 1877 712 per
1893 627 2126 716 Euangeliou,
2148 651 2225 697 cum

211 721 331 806 giemis
351 720 507 786 iudicium
525 717 606 796 Dei,
636 718 687 782 lta
705 716 789 782 fides
819 727 962 780 estnon
983 727 1109 780 mnsam
1130 733 1189 778 no·
1240 733 1310 780 non
1339 716 1508 798 possimus
1539 713 1825 801 aligerensem,
1858 716 1923 780 nisi
1948 728 2090 801 accepta
2109 719 2226 782 remis»

209 807 288 872 ticia
312 807 345 870 in
374 801 558 882 intellectu,
587 804 648 869 sed
674 803 772 867 ctiam
800 799 923 866 fiducia
950 802 983 866 iu
1006 799 1190 877 volontate,
1243 803 1339 870 sione
1360 811 1586 886 peoomomm.
1631 799 1752 866 Denso
1771 801 1859 865 enim
1879 802 2042 868 mucimus
2070 821 2144 868 eum
2165 823 2226 868 uo·-

209 891 277 960 lroc
309 902 380 970 est,
413 901 466 955 est
492 887 595 970 velle,
623 900 656 954 et
683 889 838 971 accipere
859 884 927 951 hoc
949 889 1092 970 quadiu
1113 895 1191 970 pro·
1243 889 1296 953 his
1322 889 1442 965 irasci,
1475 899 1593 952 natura
1620 885 1764 952 humana
1791 883 1875 972 fugit
1900 888 1984 951 ham
2014 899 2050 952 et
2069 889 2227 954 iudicium

210 977 370 1046 missione
392 975 541 1054 offertur,
565 973 732 1054 videlieet,
753 970 1067 1054 reconciliationem,
1085 985 1119 1036 et
1140 991 1193 1035 re·
1242 974 1326 1040 eius.
1364 973 1476 1058 Siquis
1497 972 1564 1037 hoc
1586 974 1684 1038 etiam
1705 969 1892 1048 mollietur,
1911 971 1948 1037 Si
1966 969 2051 1038 hdcs
2068 986 2122 1039 est
2138 992 2227 1060 quae

210 1062 401 1131 missionem
425 1073 652 1147 peccatorum,
674 1061 732 1126 Sic
750 1060 850 1124 vtitur
866 1058 999 1124 nomine
1016 1057 1093 1123 fidei
1111 1058 1192 1122 scri·
1243 1057 1315 1126 vult
1334 1056 1410 1136 illa,
1436 1077 1524 1144 quae
1546 1058 1579 1120 in
1601 1059 1824 1143 promissione
1846 1056 2045 1137 offeruntur,
2072 1059 2228 1126 videntur

210 1161 326 1234 ptura,
359 1159 394 1214 vt
421 1158 562 1212 testatur
589 1149 673 1212 haec
701 1146 865 1210 sententia
887 1141 1001 1223 Pauli,
1022 1140 1193 1246 iustificati
1244 1143 1402 1212 confundi
1435 1142 1588 1222 habitus,
1621 1142 1730 1248 fidesp
1758 1155 1792 1209 et
1818 1163 1917 1230 spes,
1973 1145 2028 1210 uia
2058 1163 2141 1234 spes
2175 1154 2229 1211 est

211 1232 513 1398 hiltrih
529 1227 1194 1402 hitttttttdtttfflttlht
1244 1251 1331 1394 tt?
1352 1239 1596 1380 titillat
1609 1229 2013 1398 dilatatis„
2034 1233 2230 1400 {iffi

210 1425 266 1472 um
289 1400 494 1508 absoluere&
508 1415 541 1469 et
564 1403 787 1508 pronunciare
807 1401 946 1504 iustum,
968 1402 1037 1466 Sed
1057 1411 1194 1504 propter
1244 1404 1278 1466 in
1299 1398 1428 1466 scholis
1456 1399 1646 1504 distraham
1673 1401 1800 1466 ociosis
1829 1401 2098 1508 cogitationibus.
2142 1403 2229 1468 Nam

210 1487 353 1642 litt?
376 1485 1053 1656 iithttlaillttthillini
1079 1483 1195 1670 ilii}
1244 1487 1497 1656 stridit?
1520 1485 1787 1656 liittttllt
1804 1497 2231 1650 tittttththitt

212 1681 288 1728 cum
312 1662 378 1728 hoo
405 1659 482 1726 loco
504 1661 635 1726 iusticia
660 1668 777 1724 nostra
798 1659 842 1723 sit
862 1658 1043 1742 imputaoio
1066 1653 1195 1722 alreuae
1245 1660 1318 1742 spei
1340 1659 1507 1724 obiectum
1532 1659 1669 1742 proprie
1695 1676 1775 1722 csse
1798 1669 1952 1723 mentum
1972 1656 2130 1725 luiturum.
2177 1661 2230 1724 Fi·

211 1747 375 1852 laeticiae,
398 1745 495 1852 alitcr
512 1746 627 1850 hiodo
645 1744 775 1848 iusticia
792 1740 1073 1849 loquendnmuest
1097 1761 1196 1846 poam
1246 1744 1321 1810 dem
1342 1755 1453 1809 autem
1474 1744 1517 1849 dc
1537 1744 1641 1808 rebus
1663 1740 1800 1848 mium,
1824 1753 1864 1848 ,et
1884 1745 2119 1828 praesentibus
2142 1765 2232 1824 esse,

211 1853 296 1983 itt
314 1855 347 1898 ¹¹¹
371 1829 616 2002 pppaooppss:
643 1829 866 2002 totth?
880 1838 1195 1980 titillanti:
1246 1831 2231 2000 tntilli?„titttttttfht‘ttihttttth

211 2003 290 2069 ldeo
321 1937 445 2070 Culus
475 2003 582 2088 inquit
611 2003 653 2066 .l.
680 1999 831 2067 Corinth.
857 2001 886 2064 l.
942 2000 993 2066 Ex
1026 2003 1102 2086 ipso
1131 2016 1196 2063 vos
1245 1999 1386 2088 intelligi
1407 2019 1522 2086 possa,
1544 2001 1677 2085 etquid
1700 2001 1748 2064 sit·
1771 1999 1875 2079 fides,
1902 2011 1936 2066 et
1958 2003 2046 2085 quod
2069 2023 2231 2088 cogamur

211 2091 297 2156 estis
318 2089 353 2154 in
376 2087 509 2154 Christo
534 2089 628 2165 lesu,
656 2088 711 2173 qui
733 2084 846 2152 iactus
868 2097 923 2150 est
943 2088 1042 2152 nobis
1065 2083 1194 2169 sapien·
1247 2087 1391 2164 sentire,
1420 2087 1511 2172 quod
1543 2086 1610 2150 lide
1642 2086 1878 2166 iustihcemur,
1910 2085 2168 2154 reconciliemur
2198 2099 2234 2153 ct

210 2175 303 2280 tion⁸
333 2172 426 2278 Deo3
454 2173 605 2252 iusticia,
627 2184 660 2236 et
682 2169 922 2276 sanctificatio,
944 2183 977 2238 et
997 2171 1195 2255 redenptio.
1246 2191 1509 2278 regeneremur..
1544 2171 1713 2256 Siquidem
1739 2173 1903 2237 iusticiam
1930 2171 2132 2286 §cungelm
2157 2191 2234 2241 non

209 2257 498 2433 it'hit'til
515 2258 768 2432 toltit
787 2277 865 2416 tl
875 2259 1196 2410 dimitti:
1245 2255 2234 2429 hltfflhht'hditshctlt‘ffssmi‘hthhfflti

212 2433 265 2500 cia
286 2429 351 2496 Dei
378 2431 526 2514 inipso,
556 2429 624 2494 Sed
646 2432 722 2514 qnia
750 2429 882 2496 iusticia
903 2427 1031 2495 Christi
1054 2428 1215 2514 donatur
1247 2440 1342 2506 cent,
1372 2447 1438 2509 nec
1463 2430 1511 2493 vti
1539 2429 1661 2493 ducant
1690 2425 1824 2494 Christo
1851 2428 2036 2497 medietore
2063 2431 2097 2496 in
2118 2429 2234 2498 instili-

212 2518 310 2584 nobis
340 2535 400 2600 per
422 2515 540 2592 iidem,
573 2517 650 2581 ideo
679 2513 765 2580 fides
794 2526 847 2581 est
873 2515 1007 2581 iusticia
1027 2515 1062 2580 in
1082 2512 1196 2590 nobis,
1247 2515 1391 2580 catione.
1442 2512 1483 2579 Et
1511 2512 1597 2578 hueo
1624 2510 1802 2579 manifesta
1823 2525 1920 2593 sum,
1949 2517 2039 2599 quod
2061 2536 2131 2581 uon
2153 2513 2234 2582 dile·

212 2603 419 2689 impulerim,
451 2603 487 2666 id
520 2611 590 2681 est,
624 2612 677 2668 est
710 2601 743 2665 id
776 2620 844 2686 quo
872 2597 1037 2668 officimur
1065 2597 1196 2684 accepti
1219 2593 1224 2620 ¹
1247 2601 1368 2677 mione,
1390 2601 1451 2664 sed
1476 2599 1545 2670 fide
1566 2601 1739 2666 vincamus
1762 2611 1911 2666 terrores
1929 2605 2073 2684 peccati,
2098 2613 2132 2666 et
2149 2621 2233 2667 mor

124 2745 127 2754 .
210 2690 303 2768 Deo,
338 2697 474 2834 propter
505 2687 760 2770 imputacionam
792 2695 826 2751 et
854 2687 1095 2752 ordinationem
1117 2683 1196 2760 Dei,
1246 2684 1310 2762 tis,
1345 2687 1435 2770 quod
1463 2702 1531 2750 non
1558 2686 1730 2770 possimus
1764 2697 1912 2752 nostram
1947 2683 2172 2766 dilectionem,
2200 2699 2234 2754 et

211 2777 297 2842 siout
328 2771 399 2838 Pau
414 2793 454 2837 us
487 2773 544 2837 ait.
568 2857 571 2866 Ι
599 2771 699 2835 Fides
732 2773 910 2856 imputatur
942 2773 985 2837 ad
1017 2771 1194 2838 tumidam
1244 2767 1474 2854 implecionem
1503 2767 1589 2857 legis
1614 2790 1785 2856 opponere
1812 2772 1881 2837 irae
1902 2769 1987 2850 Ilei,
2009 2773 2088 2858 quia
2107 2772 2234 2840 Paulus

210 2860 253 2928 Et
274 2861 304 2924 ai
325 2867 462 2943 propter
478 2870 636 2924 morosos
654 2857 817 2942 quosdam
828 2863 1039 2940 τεχνολογικιδς
1055 2855 1195 2940 loquen·
1246 2855 1343 2934 dicit,
1374 2876 1437 2941 par
1466 2853 1636 2923 Christum
1665 2856 1827 2922 hahemus
1856 2875 2033 2927 accessam
2058 2860 2102 2923 ad
2123 2857 2234 2926 Deum

211 2947 373 3013 domest.
418 2943 520 3009 Fides
542 2953 635 3008 recte
657 2952 710 3009 est
730 2943 879 3021 iusticia,
900 2946 986 3028 quia
1006 2953 1061 3008 est
1081 2939 1195 3006 obedi·
1244 2960 1305 3028 pur
1328 2941 1435 3006 hdem.
1468 2943 1564 3006 liano
1586 2943 1789 3008 sentenciam
1811 2943 1911 3009 toties
1933 2941 2234 3029 inculeamaspro-

211 3031 299 3098 entis
321 3049 403 3114 erga
424 3025 654 3114 Euangelium.
700 3027 844 3094 Constat
865 3030 952 3094 enim
973 3027 1195 3110 obedientiam
1244 3036 1319 3112 pter
1349 3029 1632 3112 perspicuitatem.
1682 3026 1798 3095 Totius
1825 3029 1910 3092 euim
1943 3047 2067 3095 causae
2099 3041 2235 3098 noshae

211 3135 293 3201 erga
315 3117 457 3180 edictum
484 3114 686 3200 superioris,
714 3133 795 3181 vere
817 3131 896 3179 esse
918 3117 1065 3199 speciem
1086 3111 1194 3177 distri·
1245 3123 1369 3177 statum
1392 3109 1582 3178 clarissime
1607 3115 1765 3180 ostendit.
1816 3112 1860 3177 Et
1882 3111 2059 3200 diligenter
2080 3117 2234 3200 inspecta

133 3202 139 3212 '
210 3202 345 3270 haduae
371 3201 531 3265 iusticias.
580 3198 622 3264 Et
650 3198 737 3265 haec
765 3200 955 3266 obedientia
982 3217 1064 3285 erga
1085 3195 1195 3263 Euan·
1245 3199 1379 3263 abunde
1393 3199 1442 3264 ¹de
1462 3208 1534 3264 totu
1555 3219 1594 3263 re
1616 3195 1749 3276 docere,
1772 3210 1806 3264 et
1828 3199 1999 3265 consolari
2022 3202 2130 3267 bonas
2146 3223 2233 3268 men·

212 3286 346 3378 pelium,
366 3287 546 3370 imputatur
567 3305 628 3372 pro
651 3285 784 3351 iusticia
799 3286 898 3363 adeo,
920 3296 958 3351 vt
974 3295 1100 3351 tantum
1117 3301 1195 3366 pm·
1244 3295 1298 3349 tes
1328 3295 1456 3369 pomst.
1508 3283 1589 3350 ideo
1621 3285 1762 3369 prodest
1794 3303 1868 3350 eam
1895 3287 1932 3350 in
1958 3299 2117 3371 promptu
2144 3299 2178 3354 et
2198 3289 2234 3354 in

233 3386 285 3438 ter
306 3369 413 3449 hono,
441 3367 607 3456 quiahoc
638 3371 917 3456 apprehendimus
938 3371 1195 3456 propiciatorem
1246 3382 1431 3454 conspectu
1461 3369 1608 3448 hahere,
1640 3389 1709 3434 non
1736 3369 1845 3435 s'olam
1872 3383 1909 3436 vt
1931 3391 2104 3456 opponere
2124 3375 2235 3460 possi-

210 3397 391 3534 Christum,
412 3453 568 3559 placeant
585 3457 807 3559 bonooperum
829 3475 891 3562 seu
908 3457 1098 3560 obedientia
1113 3471 1197 3539 erga
1244 3473 1319 3520 mus
1341 3455 1610 3560 aduersariorum
1628 3457 1814 3560 doctrinae,
1835 3457 2043 3563 qutdooeot,
2065 3479 2132 3564 non
2156 3459 2234 3541 lida,

211 3541 492 3720 lohulidi
514 3537 957 3703 {thltttdtittlic
980 3541 1196 3692 {illitis
1245 3537 1567 3705 addititii
1582 3542 1804 3694 ‘atriti
1817 3542 2233 3716 titillanti

149 3731 155 3766 ·'
212 3711 314 3785 Nulla
341 3732 431 3778 nuno
459 3713 626 3778 damnatio
655 3723 707 3776 est
736 3711 789 3777 his
817 3713 874 3797 qui
904 3712 938 3778 in
960 3711 1097 3778 Christo
1119 3710 1196 3777 lesu
1245 3732 1311 3777 nos
1333 3713 1366 3777 in
1388 3714 1572 3796 peroribus
1594 3727 1629 3779 et
1650 3713 1749 3780 fidem
1767 3733 1995 3791 exerceamus,
2017 3713 2231 3784 Manifestum

113 3875 122 3882 ,
213 3814 276 3872 etc.
320 3800 413 3865 llaec
434 3796 519 3864 fides
546 3798 654 3864 reddit
675 3796 751 3864 Deo
781 3797 961 3877 honorem,
991 3799 1100 3864 reddit
1119 3796 1196 3863 Deo
1246 3809 1300 3864 est
1332 3809 1366 3863 et
1402 3797 1469 3863 hoo
1501 3800 1591 3884 quod
1630 3801 1704 3865 sine
1736 3797 1862 3866 auxilio
1895 3798 2021 3865 Christi
2056 3823 2125 3867 non
2152 3823 2231 3886 pos·

214 3886 303 3979 quod
320 3903 426 3950 'snum
453 3895 526 3963 est,
558 3905 620 3968 per
646 3883 731 3963 hoc,
764 3885 855 3972 quod
883 3885 996 3950 obedit
1023 3885 1195 3970 accipiens
1246 3881 1637 3970 simuslegamfaoere‚
1660 3885 1844 3971 sicutipse
1868 3885 1984 3970 inquit,
2006 3885 2087 3952 Sine
2106 3907 2160 3954 rna
2182 3890 2231 3954 ui·

212 3971 462 4075 promissiones,
485 3971 579 4074 Sicut
600 3969 770 4074 etPaulus
791 3971 897 4076 inquit
914 3969 1032 4076 Roma.
1050 3971 1107 4057 iiij.
1141 3967 1195 4034 De
1246 3968 1295 4035 hil
1315 3972 1457 4055 potestis
1478 3967 1604 4050 iacere,
1625 3971 1705 4036 ldeo
1727 3973 1920 4076 priusquam
1942 3970 2054 4057 legem
2075 3969 2231 4054 iacimus,

212 4053 1196 4229 mihimillid‘’td‘'hhtdmlifidtitt
1246 4055 1983 4236 ⁰⁹⁰‘itttl3lltcithim‚,aa
2006 4143 2230 4226 leprosa

215 4251 250 4306 aa
281 4236 404 4316 impeto
435 4223 611 4312 Euangelij
650 4239 704 4291 est
742 4229 899 4311 accipere
932 4230 1023 4295 bona
1053 4249 1076 4292 a
1108 4225 1197 4304 Deo,
1246 4247 1321 4294 mus
1345 4229 1616 4294 aduersariorum
1638 4230 1823 4294 doctrinam
1845 4229 2031 4294 demerito
2061 4231 2228 4316 condigni.

214 4325 356 4394 Reontra
388 4309 499 4378 cultus
527 4308 558 4376 le
584 4311 613 4375 is
643 4324 696 4376 est
724 4313 814 4378 hona
836 4324 954 4380 nostra
975 4311 1051 4380 Deo
1074 4312 1196 4379 offerre
1246 4309 1423 4381 Facillime
1443 4309 1636 4399 dijudicatio
1659 4326 1729 4394 ost,
1752 4315 1918 4399 quianon
1939 4309 2068 4380 fuciunt
2090 4319 2228 4381 mentio·

216 4429 249 4484 μ
276 4401 445 4473 exhihere.
493 4333 583 4464 nith
616 4407 724 4464 autem
751 4417 932 4482 possumus
959 4397 1035 4466 Deo
1062 4397 1196 4477 oiierre,
1247 4407 1331 4464 nem‘
1345 4397 1441 4476 fidei,
1468 4400 1557 4486 quod
1580 4399 1648 4466 fide
1669 4413 1807 4484 propter
1826 4397 1997 4464 Christum
2021 4397 2227 4484 placeamus,

215 4499 279 4570 fist
300 4499 397 4556 antea
417 4482 639 4562 reconciliati,
666 4495 700 4548 et
721 4485 838 4551 renati.
882 4483 1070 4562 Plurimum
1086 4496 1196 4550 autem
1247 4485 1310 4550 sed
1332 4483 1464 4570 fingunt
1485 4487 1574 4550 buna
1596 4505 1700 4572 opera
1721 4483 1813 4551 iacta
1834 4484 2014 4552 adiuuante
2033 4483 2093 4550 illo
2113 4487 2229 4553 hahita

219 4572 455 4656 mistionis
479 4567 575 4636 ali'art
596 4569 652 4636 hic
669 4567 780 4648 locus,
802 4572 893 4656 qnod
911 4570 1022 4640 cultus
1039 4569 1217 4637 inEuau-‘-
1249 4567 1449 4647 dilectionis,
1470 4571 1634 4637 iusticiam
1656 4591 1734 4638 csse
1757 4571 1890 4657 dignam
1911 4588 1999 4656 quae
2020 4591 2082 4656 per
2101 4592 2142 4638 se
2155 4570 2229 4657 pla·

219 4669 307 4746 do
337 4658 537 4749 praecipuus
566 4668 661 4722 asta
689 4655 765 4722 Deo
794 4655 885 4722 valle
905 4658 1060 4743 accipere
1080 4657 1197 4720 remis·
1247 4652 1420 4736 oeetlleo,
1443 4665 1476 4720 et
1487 4657 1621 4744 dignam
1643 4669 1780 4724 aeterna
1802 4658 1883 4735 vita,
1904 4675 1969 4722 neo
1992 4677 2078 4743 opas
2100 4657 2228 4726 hahere

219 4745 343 4828 ᾖ*
362 4754 588 4834 peccatorum,
609 4742 760 4828 gretiam,
783 4752 818 4807 et
837 4742 1014 4808 iusticiam.
1057 4741 1113 4807 De
1128 4741 1196 4806 hoo
1246 4740 1431 4810 mediatore
1443 4737 1588 4808 Christo.
1622 4743 1710 4818 Quid
1722 4755 1775 4810 est
1785 4739 1852 4810 hoo
1874 4740 1978 4822 aliud,
2001 4763 2100 4830 quam
2118 4755 2227 4810 truns-

220 4843 313 4916 affl
341 4837 387 4903 eit
418 4829 575 4897 Christus
602 4827 716 4893 lehun.
742 4828 787 4895 ri.
842 4827 936 4896 llaec
967 4840 1020 4894 est
1041 4826 1196 4894 voluntas
1248 4826 1337 4893 lerre
1359 4825 1500 4913 gloriam
1522 4827 1647 4896 Christi
1668 4831 1703 4895 in
1732 4849 1835 4916 opera
1861 4839 1997 4907 nosne,
2022 4831 2114 4914 quod
2135 4831 2228 4896 vide·

219 4929 324 5016 μ’
341 4921 416 4998 net,
438 4915 494 5002 qni
514 4914 602 4980 misit
617 4931 686 4993 me,
708 4924 745 4980 rt
766 4915 874 4980 omnis
896 4914 953 5000 qui
974 4915 1066 4981 videt
1082 4909 1197 4991 lilium,
1247 4911 1327 4979 licet
1348 4925 1485 5000 propter
1506 4935 1610 5002 opera
1629 4927 1748 4983 nostra
1767 4913 1975 5002 placeamus,
1997 4933 2067 4981 non
2088 4927 2228 5002 propter

222 5042 260 5084 ς
274 5011 379 5084 aa&
397 5008 431 5072 in
452 5013 546 5080 eum,
575 5001 699 5068 habeat
724 5001 825 5068 sitam
853 5011 1034 5066 aeternam.
1077 4997 1120 5066 lit
1138 5019 1197 5084 pa-
1248 4998 1429 5067 Christum.
1478 5001 1525 5066 At
1550 5001 1621 5068 hoo
1645 5007 1780 5090 quoque
1807 5014 1862 5067 est
1889 5000 2068 5067 detrahere
2090 5001 2226 5068 Christo

226 5125 280 5172 ,ρ
292 5096 407 5186 rapit,
428 5090 492 5158 llio
512 5097 567 5152 est
587 5084 676 5150 illios
698 5105 793 5151 meus
812 5081 957 5153 dilectus
978 5089 1013 5154 in
1034 5103 1102 5171 quo
1118 5081 1198 5150 mihi
1248 5083 1389 5173 gloriam
1405 5087 1613 5168 mediatoris,
1634 5089 1693 5174 qui
1712 5100 1874 5174 perpetuo
1897 5097 1950 5151 est
1961 5089 2135 5168 mediator,
2155 5103 2225 5153 uon

225 5183 452 5274 ...με
490 5184 562 5252 es,
600 5169 700 5237 nn·
735 5171 858 5243 mute
919 5171 1115 5256 nam-m
1155 5170 1198 5238 m
1246 5184 1375 5238 umam
1401 5173 1624 5261 lephaamo
1650 5173 1912 5251 noeaoeane,
1946 5171 1990 5238 n
2016 5171 2141 5250 mua
2165 5175 2217 5243 m
